<?xml version="1.0" encoding="UTF-8"?>
<!DOCTYPE html PUBLIC "-//W3C//DTD XHTML 1.0 Transitional//EN"
    "http://www.w3.org/TR/xhtml1/DTD/xhtml1-transitional.dtd">
<html xmlns="http://www.w3.org/1999/xhtml" xml:lang="en" lang="en">
 <head>
  <title>
</title>
<meta http-equiv="Content-Type" content="text/html;charset=utf-8" />
  <meta name='ocr-system' content='tesseract 3.04.00' />
  <meta name='ocr-capabilities' content='ocr_page ocr_carea ocr_par ocr_line ocrx_word'/>
</head>
<body>
  <div class='ocr_page' id='page_1' title='image "./ccorneliitaciti03grongoog_0274.png"; bbox 0 0 1767 3000; ppageno 0'>
   <div class='ocr_carea' id='block_1_1' title="bbox 203 149 725 214">
    <p class='ocr_par' dir='ltr' id='par_1_1' title="bbox 203 149 725 214">
     <span class='ocr_line' id='line_1_1' title="bbox 203 149 725 214; baseline 0.002 -16"><span class='ocrx_word' id='word_1_1' title='bbox 203 151 270 213; x_wconf 78' lang='lat'><strong>240</strong></span> <span class='ocrx_word' id='word_1_2' title='bbox 320 149 725 214; x_wconf 80' lang='lat' dir='ltr'><strong>c.contruuttracrrr</strong></span> 
     </span>
    </p>
   </div>
   <div class='ocr_carea' id='block_1_2' title="bbox 177 232 837 1530">
    <p class='ocr_par' dir='ltr' id='par_1_2' title="bbox 177 232 837 1530">
     <span class='ocr_line' id='line_1_2' title="bbox 204 232 815 323; baseline 0.016 -29"><span class='ocrx_word' id='word_1_3' title='bbox 204 232 306 294; x_wconf 80' lang='lat' dir='ltr'><strong>tillem.</strong></span> <span class='ocrx_word' id='word_1_4' title='bbox 334 234 463 294; x_wconf 83' lang='lat' dir='ltr'><strong>Corbulo</strong></span> <span class='ocrx_word' id='word_1_5' title='bbox 474 254 538 297; x_wconf 88' lang='lat' dir='ltr'><strong>cum</strong></span> <span class='ocrx_word' id='word_1_6' title='bbox 553 233 608 295; x_wconf 75' lang='lat' dir='ltr'><strong>suit</strong></span> <span class='ocrx_word' id='word_1_7' title='bbox 620 240 711 318; x_wconf 75' lang='lat' dir='ltr'><strong>copiis</strong></span> <span class='ocrx_word' id='word_1_8' title='bbox 727 243 815 323; x_wconf 88' lang='lat' dir='ltr'><strong>apud</strong></span> 
     </span>
     <span class='ocr_line' id='line_1_3' title="bbox 203 321 812 408; baseline 0.013 -28"><span class='ocrx_word' id='word_1_9' title='bbox 203 322 290 399; x_wconf 83' lang='lat' dir='ltr'><strong>tipum</strong></span> <span class='ocrx_word' id='word_1_10' title='bbox 301 321 451 398; x_wconf 70' lang='lat' dir='ltr'>Euphratis</span> <span class='ocrx_word' id='word_1_11' title='bbox 465 323 578 396; x_wconf 78' lang='lat' dir='ltr'><strong>obvius,</strong></span> <span class='ocrx_word' id='word_1_12' title='bbox 591 343 651 384; x_wconf 87' lang='lat' dir='ltr'><strong>nort</strong></span> <span class='ocrx_word' id='word_1_13' title='bbox 667 345 730 386; x_wconf 87' lang='lat' dir='ltr'><strong>eam</strong></span> <span class='ocrx_word' id='word_1_14' title='bbox 740 328 812 408; x_wconf 83' lang='lat' dir='ltr'><strong>spe·</strong></span> 
     </span>
     <span class='ocr_line' id='line_1_4' title="bbox 177 403 813 490; baseline 0.017 -24"><span class='ocrx_word' id='word_1_15' title='bbox 177 428 182 439; x_wconf 91' lang='lat'><strong>·</strong></span> <span class='ocrx_word' id='word_1_16' title='bbox 202 408 272 467; x_wconf 88' lang='lat' dir='ltr'><strong>ciem</strong></span> <span class='ocrx_word' id='word_1_17' title='bbox 281 403 426 482; x_wconf 86' lang='lat' dir='ltr'><strong>inliguium</strong></span> <span class='ocrx_word' id='word_1_18' title='bbox 433 422 609 469; x_wconf 83' lang='lat' dir='ltr'><strong>etarmorum</strong></span> <span class='ocrx_word' id='word_1_19' title='bbox 618 413 762 490; x_wconf 84' lang='lat' dir='ltr'><strong>praetulit,</strong></span> <span class='ocrx_word' id='word_1_20' title='bbox 774 432 813 477; x_wconf 90' lang='lat' dir='ltr'><strong>ut</strong></span> 
     </span>
     <span class='ocr_line' id='line_1_5' title="bbox 202 490 812 573; baseline 0.018 -22"><span class='ocrx_word' id='word_1_21' title='bbox 202 490 384 552; x_wconf 83' lang='lat' dir='ltr'><strong>diverfitatem</strong></span> <span class='ocrx_word' id='word_1_22' title='bbox 396 496 595 573; x_wconf 62' lang='lat' dir='ltr'><strong>exprobrarem</strong></span> <span class='ocrx_word' id='word_1_23' title='bbox 608 498 699 557; x_wconf 83' lang='lat' dir='ltr'><strong>moesti</strong></span> <span class='ocrx_word' id='word_1_24' title='bbox 710 505 812 563; x_wconf 88' lang='lat' dir='ltr'><strong>mani-</strong></span> 
     </span>
     <span class='ocr_line' id='line_1_6' title="bbox 202 577 810 659; baseline 0.016 -22"><span class='ocrx_word' id='word_1_25' title='bbox 202 578 273 659; x_wconf 85' lang='lat' dir='ltr'><strong>puli,</strong></span> <span class='ocrx_word' id='word_1_26' title='bbox 292 600 325 639; x_wconf 92' lang='lat' dir='ltr'><strong>ac</strong></span> <span class='ocrx_word' id='word_1_27' title='bbox 336 577 424 638; x_wconf 74' lang='lat' dir='ltr'><strong>vitem</strong></span> <span class='ocrx_word' id='word_1_28' title='bbox 435 582 657 643; x_wconf 86' lang='lat' dir='ltr'><strong>commilitonum</strong></span> <span class='ocrx_word' id='word_1_29' title='bbox 669 584 810 648; x_wconf 85' lang='lat' dir='ltr'><strong>miseran-</strong></span> 
     </span>
     <span class='ocr_line' id='line_1_7' title="bbox 202 664 806 750; baseline 0.015 -25"><span class='ocrx_word' id='word_1_30' title='bbox 202 681 297 740; x_wconf 67' lang='lat' dir='ltr'><strong>terme</strong></span> <span class='ocrx_word' id='word_1_31' title='bbox 308 664 439 743; x_wconf 78' lang='lat' dir='ltr'><strong>lacrymis</strong></span> <span class='ocrx_word' id='word_1_32' title='bbox 447 667 561 746; x_wconf 82' lang='lat' dir='ltr'><strong>quidem</strong></span> <span class='ocrx_word' id='word_1_33' title='bbox 570 683 724 750; x_wconf 85' lang='lat' dir='ltr'><strong>temperare</strong></span> <span class='ocrx_word' id='word_1_34' title='bbox 732 694 743 745; x_wconf 88' lang='lat'><strong>·,</strong></span> <span class='ocrx_word' id='word_1_35' title='bbox 750 677 806 734; x_wconf 81' lang='lat' dir='ltr'><strong>vix</strong></span> 
     </span>
     <span class='ocr_line' id='line_1_8' title="bbox 203 751 804 832; baseline 0.013 -21"><span class='ocrx_word' id='word_1_36' title='bbox 203 772 269 830; x_wconf 85' lang='lat' dir='ltr'><strong>prae</strong></span> <span class='ocrx_word' id='word_1_37' title='bbox 280 753 345 811; x_wconf 89' lang='lat' dir='ltr'><strong>fletu</strong></span> <span class='ocrx_word' id='word_1_38' title='bbox 357 751 482 832; x_wconf 88' lang='lat' dir='ltr'><strong>usurpata</strong></span> <span class='ocrx_word' id='word_1_39' title='bbox 493 753 686 818; x_wconf 84' lang='lat' dir='ltr'><strong>consalutatio.</strong></span> <span class='ocrx_word' id='word_1_40' title='bbox 711 758 804 821; x_wconf 82' lang='lat' dir='ltr'><strong>deces-</strong></span> 
     </span>
     <span class='ocr_line' id='line_1_9' title="bbox 203 836 804 923; baseline 0.015 -25"><span class='ocrx_word' id='word_1_41' title='bbox 203 836 275 898; x_wconf 85' lang='lat' dir='ltr'><strong>serat</strong></span> <span class='ocrx_word' id='word_1_42' title='bbox 282 855 418 899; x_wconf 87' lang='lat' dir='ltr'><strong>certamen</strong></span> <span class='ocrx_word' id='word_1_43' title='bbox 431 842 552 917; x_wconf 78' lang='lat' dir='ltr'><strong>virtutis,</strong></span> <span class='ocrx_word' id='word_1_44' title='bbox 563 857 591 901; x_wconf 89' lang='lat' dir='ltr'><strong>et</strong></span> <span class='ocrx_word' id='word_1_45' title='bbox 607 846 726 905; x_wconf 80' lang='lat' dir='ltr'><strong>ambitio</strong></span> <span class='ocrx_word' id='word_1_46' title='bbox 738 847 804 923; x_wconf 85' lang='lat' dir='ltr'><strong>glo·</strong></span> 
     </span>
     <span class='ocr_line' id='line_1_10' title="bbox 202 924 803 1004; baseline 0.015 -20"><span class='ocrx_word' id='word_1_47' title='bbox 202 926 269 997; x_wconf 81' lang='lat' dir='ltr'><strong>tiae,</strong></span> <span class='ocrx_word' id='word_1_48' title='bbox 289 924 408 984; x_wconf 86' lang='lat' dir='ltr'><strong>felicium</strong></span> <span class='ocrx_word' id='word_1_49' title='bbox 423 927 570 987; x_wconf 83' lang='lat' dir='ltr'><strong>hominurn</strong></span> <span class='ocrx_word' id='word_1_50' title='bbox 585 927 720 1004; x_wconf 71' lang='lat' dir='ltr'><strong>affediu83</strong></span> <span class='ocrx_word' id='word_1_51' title='bbox 746 931 803 995; x_wconf 81' lang='lat' dir='ltr'><strong>sola</strong></span> 
     </span>
     <span class='ocr_line' id='line_1_11' title="bbox 201 1009 800 1094; baseline 0.017 -25"><span class='ocrx_word' id='word_1_52' title='bbox 201 1009 386 1070; x_wconf 86' lang='lat' dir='ltr'><strong>misericordia</strong></span> <span class='ocrx_word' id='word_1_53' title='bbox 405 1011 524 1087; x_wconf 85' lang='lat' dir='ltr'><strong>valebat,</strong></span> <span class='ocrx_word' id='word_1_54' title='bbox 540 1029 570 1074; x_wconf 92' lang='lat' dir='ltr'><strong>et</strong></span> <span class='ocrx_word' id='word_1_55' title='bbox 586 1015 661 1094; x_wconf 88' lang='lat' dir='ltr'><strong>apud</strong></span> <span class='ocrx_word' id='word_1_56' title='bbox 677 1020 800 1079; x_wconf 83' lang='lat' dir='ltr'><strong>minores</strong></span> 
     </span>
     <span class='ocr_line' id='line_1_12' title="bbox 205 1098 837 1183; baseline 0.019 -27"><span class='ocrx_word' id='word_1_57' title='bbox 205 1098 305 1173; x_wconf 79' lang='lat' dir='ltr'><strong>magis.</strong></span> <span class='ocrx_word' id='word_1_58' title='bbox 350 1105 461 1158; x_wconf 89' lang='lat' dir='ltr'><strong>Ducum</strong></span> <span class='ocrx_word' id='word_1_59' title='bbox 476 1101 550 1159; x_wconf 87' lang='lat' dir='ltr'><strong>inter</strong></span> <span class='ocrx_word' id='word_1_60' title='bbox 562 1099 588 1160; x_wconf 83' lang='lat' dir='ltr'><strong>le</strong></span> <span class='ocrx_word' id='word_1_61' title='bbox 600 1102 695 1163; x_wconf 81' lang='lat' dir='ltr'><strong>brevis</strong></span> <span class='ocrx_word' id='word_1_62' title='bbox 707 1103 798 1167; x_wconf 87' lang='lat' dir='ltr'><strong>sermo</strong></span> <span class='ocrx_word' id='word_1_63' title='bbox 807 1126 837 1183; x_wconf 84' lang='lat'><strong>¹7</strong></span> 
     </span>
     <span class='ocr_line' id='line_1_13' title="bbox 201 1180 801 1265; baseline 0.018 -23"><span class='ocrx_word' id='word_1_64' title='bbox 201 1180 310 1243; x_wconf 81' lang='lat' dir='ltr'><strong>secutus</strong></span> <span class='ocrx_word' id='word_1_65' title='bbox 321 1181 369 1258; x_wconf 85' lang='lat' dir='ltr'><strong>cll,</strong></span> <span class='ocrx_word' id='word_1_66' title='bbox 390 1186 444 1244; x_wconf 92' lang='lat' dir='ltr'><strong>hoc</strong></span> <span class='ocrx_word' id='word_1_67' title='bbox 456 1205 645 1265; x_wconf 83' lang='lat' dir='ltr'><strong>conquerente</strong></span> <span class='ocrx_word' id='word_1_68' title='bbox 660 1191 672 1222; x_wconf 87' lang='lat'>‘</span> <span class='ocrx_word' id='word_1_69' title='bbox 690 1193 801 1254; x_wconf 88' lang='lat' dir='ltr'><strong>irritum</strong></span> 
     </span>
     <span class='ocr_line' id='line_1_14' title="bbox 201 1268 801 1355; baseline 0.017 -26"><span class='ocrx_word' id='word_1_70' title='bbox 201 1268 359 1342; x_wconf 72' lang='lat' dir='ltr'><strong>‘laborem</strong></span> <span class='ocrx_word' id='word_1_71' title='bbox 373 1271 489 1351; x_wconf 83' lang='lat' dir='ltr'><strong>potuille</strong></span> <span class='ocrx_word' id='word_1_72' title='bbox 497 1274 597 1335; x_wconf 85' lang='lat' dir='ltr'><strong>bellum</strong></span> <span class='ocrx_word' id='word_1_73' title='bbox 605 1274 671 1355; x_wconf 84' lang='lat' dir='ltr'><strong>fuga</strong></span> <span class='ocrx_word' id='word_1_74' title='bbox 681 1281 801 1339; x_wconf 87' lang='lat' dir='ltr'><strong>Partho·</strong></span> 
     </span>
     <span class='ocr_line' id='line_1_15' title="bbox 201 1354 801 1442; baseline 0.022 -29"><span class='ocrx_word' id='word_1_75' title='bbox 201 1354 212 1389; x_wconf 86' lang='lat'>‘</span> <span class='ocrx_word' id='word_1_76' title='bbox 227 1356 394 1416; x_wconf 86' lang='lat' dir='ltr'><strong>rumfiniri.&#39;</strong></span> <span class='ocrx_word' id='word_1_77' title='bbox 407 1358 471 1417; x_wconf 86' lang='lat' dir='ltr'><strong>ille‘</strong></span> <span class='ocrx_word' id='word_1_78' title='bbox 481 1360 588 1440; x_wconf 85' lang='lat' dir='ltr'><strong>integra</strong></span> <span class='ocrx_word' id='word_1_79' title='bbox 594 1365 704 1442; x_wconf 85' lang='lat' dir='ltr'><strong>utrique</strong></span> <span class='ocrx_word' id='word_1_80' title='bbox 712 1386 801 1427; x_wconf 88' lang='lat' dir='ltr'><strong>cunc·</strong></span> 
     </span>
     <span class='ocr_line' id='line_1_16' title="bbox 202 1441 802 1530; baseline 0.022 -30"><span class='ocrx_word' id='word_1_81' title='bbox 202 1441 213 1474; x_wconf 89' lang='lat'>‘</span> <span class='ocrx_word' id='word_1_82' title='bbox 228 1445 267 1501; x_wconf 90' lang='lat' dir='ltr'><strong>ta’</strong></span> <span class='ocrx_word' id='word_1_83' title='bbox 278 1441 429 1522; x_wconf 82' lang='lat' dir='ltr'><strong>respondit,</strong></span> <span class='ocrx_word' id='word_1_84' title='bbox 442 1446 453 1478; x_wconf 90' lang='lat'><em>‘</em></span> <span class='ocrx_word' id='word_1_85' title='bbox 469 1464 662 1509; x_wconf 84' lang='lat' dir='ltr'><strong>converterent</strong></span> <span class='ocrx_word' id='word_1_86' title='bbox 674 1455 802 1530; x_wconf 87' lang='lat' dir='ltr'><strong>aquilas,</strong></span> 
     </span>
    </p>
   </div>
   <div class='ocr_carea' id='block_1_3' title="bbox 102 1526 801 1611">
    <p class='ocr_par' dir='ltr' id='par_1_3' title="bbox 102 1526 801 1611">
     <span class='ocr_line' id='line_1_17' title="bbox 102 1526 801 1611; baseline 0.004 -24"><span class='ocrx_word' id='word_1_87' title='bbox 102 1589 106 1597; x_wconf 65' lang='grc'>,</span> <span class='ocrx_word' id='word_1_88' title='bbox 156 1590 159 1595; x_wconf 24' lang='lat'><em>⁴</em></span> <span class='ocrx_word' id='word_1_89' title='bbox 200 1526 251 1603; x_wconf 77' lang='lat' dir='ltr'><strong>‘et</strong></span> <span class='ocrx_word' id='word_1_90' title='bbox 265 1530 353 1605; x_wconf 78' lang='lat' dir='ltr'><strong>jundii</strong></span> <span class='ocrx_word' id='word_1_91' title='bbox 371 1531 538 1594; x_wconf 80' lang='lat' dir='ltr'><strong>invaderent</strong></span> <span class='ocrx_word' id='word_1_92' title='bbox 551 1537 713 1611; x_wconf 79' lang='lat' dir='ltr'><strong>Armeniam,</strong></span> <span class='ocrx_word' id='word_1_93' title='bbox 733 1540 801 1599; x_wconf 82' lang='lat' dir='ltr'><strong>abs.</strong></span> 
     </span>
    </p>
   </div>
   <div class='ocr_carea' id='block_1_4' title="bbox 198 1612 799 2298">
    <p class='ocr_par' dir='ltr' id='par_1_4' title="bbox 198 1612 799 2298">
     <span class='ocr_line' id='line_1_18' title="bbox 200 1612 799 1693; baseline 0.023 -21"><span class='ocrx_word' id='word_1_94' title='bbox 200 1612 297 1673; x_wconf 80' lang='lat' dir='ltr'><strong>‘cello</strong></span> <span class='ocrx_word' id='word_1_95' title='bbox 316 1615 463 1693; x_wconf 78' lang='lat' dir='ltr'><strong>Vologesis</strong></span> <span class='ocrx_word' id='word_1_96' title='bbox 479 1620 652 1682; x_wconf 85' lang='lat' dir='ltr'><strong>infirmatam.</strong></span> <span class='ocrx_word' id='word_1_97' title='bbox 687 1642 753 1685; x_wconf 86' lang='lat' dir='ltr'><strong>nou</strong></span> <span class='ocrx_word' id='word_1_98' title='bbox 767 1647 799 1687; x_wconf 90' lang='lat' dir='ltr'><strong>ea</strong></span> 
     </span>
     <span class='ocr_line' id='line_1_19' title="bbox 200 1700 795 1783; baseline 0.02 -23"><span class='ocrx_word' id='word_1_99' title='bbox 200 1700 211 1733; x_wconf 84' lang='lat'>‘</span> <span class='ocrx_word' id='word_1_100' title='bbox 224 1703 397 1782; x_wconf 80' lang='lat' dir='ltr'><strong>imperatoris</strong></span> <span class='ocrx_word' id='word_1_101' title='bbox 413 1708 513 1766; x_wconf 83' lang='lat' dir='ltr'><strong>habere</strong></span> <span class='ocrx_word' id='word_1_102' title='bbox 525 1708 674 1783; x_wconf 87' lang='lat' dir='ltr'><strong>mandata,&#39;</strong></span> <span class='ocrx_word' id='word_1_103' title='bbox 687 1713 795 1771; x_wconf 87' lang='lat' dir='ltr'><strong>Corbu·</strong></span> 
     </span>
     <span class='ocr_line' id='line_1_20' title="bbox 199 1787 796 1874; baseline 0.02 -28"><span class='ocrx_word' id='word_1_104' title='bbox 199 1787 248 1859; x_wconf 87' lang='lat' dir='ltr'><strong>lo;</strong></span> <span class='ocrx_word' id='word_1_105' title='bbox 263 1790 272 1819; x_wconf 92' lang='lat'>‘</span> <span class='ocrx_word' id='word_1_106' title='bbox 287 1790 409 1868; x_wconf 87' lang='lat' dir='ltr'><strong>periculo</strong></span> <span class='ocrx_word' id='word_1_107' title='bbox 424 1793 566 1869; x_wconf 84' lang='lat' dir='ltr'><strong>legionum</strong></span> <span class='ocrx_word' id='word_1_108' title='bbox 585 1811 796 1874; x_wconf 88' lang='lat' dir='ltr'><strong>commotum‚e</strong></span> 
     </span>
     <span class='ocr_line' id='line_1_21' title="bbox 200 1876 795 1961; baseline 0.018 -28"><span class='ocrx_word' id='word_1_109' title='bbox 200 1876 211 1907; x_wconf 87' lang='lat'><em>‘</em></span> <span class='ocrx_word' id='word_1_110' title='bbox 224 1878 369 1954; x_wconf 86' lang='lat' dir='ltr'><strong>provincia</strong></span> <span class='ocrx_word' id='word_1_111' title='bbox 379 1878 520 1954; x_wconf 76' lang='lat' dir='ltr'><strong>egreiium3</strong></span> <span class='ocrx_word' id='word_1_112' title='bbox 531 1881 680 1961; x_wconf 87' lang='lat' dir='ltr'><strong>quandoin</strong></span> <span class='ocrx_word' id='word_1_113' title='bbox 688 1885 795 1944; x_wconf 88' lang='lat' dir='ltr'><strong>incerto</strong></span> 
     </span>
     <span class='ocr_line' id='line_1_22' title="bbox 200 1963 795 2049; baseline 0.018 -30"><span class='ocrx_word' id='word_1_114' title='bbox 200 1963 211 1992; x_wconf 82' lang='lat'>‘</span> <span class='ocrx_word' id='word_1_115' title='bbox 222 1964 372 2021; x_wconf 87' lang='lat' dir='ltr'><strong>habeantur</strong></span> <span class='ocrx_word' id='word_1_116' title='bbox 380 1967 540 2027; x_wconf 84' lang='lat' dir='ltr'><strong>Parthorum</strong></span> <span class='ocrx_word' id='word_1_117' title='bbox 549 1984 679 2043; x_wconf 85' lang='lat' dir='ltr'><strong>conatus,</strong></span> <span class='ocrx_word' id='word_1_118' title='bbox 691 1973 795 2049; x_wconf 87' lang='lat' dir='ltr'><strong>Syriam</strong></span> 
     </span>
     <span class='ocr_line' id='line_1_23' title="bbox 198 2045 793 2135; baseline 0.024 -33"><span class='ocrx_word' id='word_1_119' title='bbox 198 2045 208 2078; x_wconf 91' lang='lat'>‘</span> <span class='ocrx_word' id='word_1_120' title='bbox 224 2052 413 2126; x_wconf 85' lang='lat' dir='ltr'><strong>repetiturum.</strong></span> <span class='ocrx_word' id='word_1_121' title='bbox 424 2050 579 2134; x_wconf 80' lang='lat' dir='ltr'><strong>sicquoque</strong></span> <span class='ocrx_word' id='word_1_122' title='bbox 588 2058 723 2135; x_wconf 88' lang='lat' dir='ltr'><strong>optimam</strong></span> <span class='ocrx_word' id='word_1_123' title='bbox 729 2063 793 2116; x_wconf 80' lang='lat' dir='ltr'><strong>For·</strong></span> 
     </span>
     <span class='ocr_line' id='line_1_24' title="bbox 199 2131 796 2219; baseline 0.022 -31"><span class='ocrx_word' id='word_1_124' title='bbox 199 2131 318 2191; x_wconf 83' lang='lat' dir='ltr'><strong>‘tunam</strong></span> <span class='ocrx_word' id='word_1_125' title='bbox 340 2138 489 2210; x_wconf 81' lang='lat' dir='ltr'><strong>orandam,</strong></span> <span class='ocrx_word' id='word_1_126' title='bbox 509 2157 539 2198; x_wconf 88' lang='lat' dir='ltr'><strong>ut</strong></span> <span class='ocrx_word' id='word_1_127' title='bbox 556 2143 637 2219; x_wconf 86' lang='lat' dir='ltr'><strong>pedes</strong></span> <span class='ocrx_word' id='word_1_128' title='bbox 653 2142 796 2205; x_wconf 81' lang='lat' dir='ltr'><strong>confedlua</strong></span> 
     </span>
     <span class='ocr_line' id='line_1_25' title="bbox 199 2217 797 2298; baseline 0.023 -24"><span class='ocrx_word' id='word_1_129' title='bbox 199 2218 209 2249; x_wconf 83' lang='lat'>‘</span> <span class='ocrx_word' id='word_1_130' title='bbox 226 2217 317 2298; x_wconf 87' lang='lat' dir='ltr'><strong>spatiis</strong></span> <span class='ocrx_word' id='word_1_131' title='bbox 330 2225 472 2298; x_wconf 87' lang='lat' dir='ltr'><strong>itinerum,</strong></span> <span class='ocrx_word' id='word_1_132' title='bbox 492 2227 607 2288; x_wconf 85' lang='lat' dir='ltr'><strong>alacrem</strong></span> <span class='ocrx_word' id='word_1_133' title='bbox 624 2245 651 2286; x_wconf 89' lang='lat' dir='ltr'><strong>et</strong></span> <span class='ocrx_word' id='word_1_134' title='bbox 666 2229 797 2288; x_wconf 88' lang='lat' dir='ltr'><strong>facilitate</strong></span> 
     </span>
    </p>
   </div>
   <div class='ocr_carea' id='block_1_5' title="bbox 195 2305 809 2566">
    <p class='ocr_par' dir='ltr' id='par_1_5' title="bbox 195 2305 809 2566">
     <span class='ocr_line' id='line_1_26' title="bbox 197 2305 797 2393; baseline 0.017 -29"><span class='ocrx_word' id='word_1_135' title='bbox 197 2305 208 2335; x_wconf 87' lang='lat'>‘</span> <span class='ocrx_word' id='word_1_136' title='bbox 219 2306 378 2384; x_wconf 87' lang='lat' dir='ltr'><strong>camporum</strong></span> <span class='ocrx_word' id='word_1_137' title='bbox 391 2315 613 2385; x_wconf 80' lang='lat' dir='ltr'><strong>praevenientem</strong></span> <span class='ocrx_word' id='word_1_138' title='bbox 624 2317 748 2393; x_wconf 82' lang='lat' dir='ltr'><strong>equitem</strong></span> <span class='ocrx_word' id='word_1_139' title='bbox 756 2315 797 2374; x_wconf 86' lang='lat' dir='ltr'><strong>as·</strong></span> 
     </span>
     <span class='ocr_line' id='line_1_27' title="bbox 197 2389 809 2480; baseline 0.023 -33"><span class='ocrx_word' id='word_1_140' title='bbox 197 2391 207 2422; x_wconf 84' lang='lat'>‘</span> <span class='ocrx_word' id='word_1_141' title='bbox 220 2389 397 2471; x_wconf 72' lang='lat' dir='ltr'><strong>stqueretur.’</strong></span> <span class='ocrx_word' id='word_1_142' title='bbox 407 2398 474 2456; x_wconf 86' lang='lat' dir='ltr'><strong>exin</strong></span> <span class='ocrx_word' id='word_1_143' title='bbox 483 2405 581 2458; x_wconf 87' lang='lat' dir='ltr'><strong>Paetus</strong></span> <span class='ocrx_word' id='word_1_144' title='bbox 590 2422 639 2480; x_wconf 85' lang='lat' dir='ltr'><strong>per</strong></span> <span class='ocrx_word' id='word_1_145' title='bbox 647 2401 796 2480; x_wconf 87' lang='lat' dir='ltr'><strong>Cappado·</strong></span> <span class='ocrx_word' id='word_1_146' title='bbox 808 2418 809 2423; x_wconf 77' lang='grc'>’</span> 
     </span>
     <span class='ocr_line' id='line_1_28' title="bbox 195 2478 797 2566; baseline 0.023 -30"><span class='ocrx_word' id='word_1_147' title='bbox 195 2478 267 2537; x_wconf 81' lang='lat' dir='ltr'><strong>ciam</strong></span> <span class='ocrx_word' id='word_1_148' title='bbox 276 2480 445 2544; x_wconf 82' lang='lat' dir='ltr'><strong>hibernavit.</strong></span> <span class='ocrx_word' id='word_1_149' title='bbox 469 2499 498 2543; x_wconf 85' lang='lat' dir='ltr'><strong>at</strong></span> <span class='ocrx_word' id='word_1_150' title='bbox 515 2486 661 2566; x_wconf 77' lang='lat' dir='ltr'><strong>Vologesis</strong></span> <span class='ocrx_word' id='word_1_151' title='bbox 677 2487 713 2548; x_wconf 86' lang='lat' dir='ltr'><strong>ad</strong></span> <span class='ocrx_word' id='word_1_152' title='bbox 726 2493 797 2549; x_wconf 81' lang='lat' dir='ltr'><strong>Cor·</strong></span> 
     </span>
    </p>
   </div>
   <div class='ocr_carea' id='block_1_6' title="bbox 0 0 888 3000">
    <p class='ocr_par' dir='ltr' id='par_1_6' title="bbox 0 0 888 3000">
     <span class='ocr_line' id='line_1_29' title="bbox 0 0 888 3000; baseline 0 1"><span class='ocrx_word' id='word_1_153' title='bbox 0 0 888 3000; x_wconf 95' lang='lat' dir='ltr'><strong> </strong></span> 
     </span>
    </p>
   </div>
  </div>
 </body>
</html>
