1767 3000
215 184 254 248 72
309 184 721 231 &commulnem
770 215 773 221 ,

210 268 279 330 nufii
291 269 444 347 intercepit.
469 266 535 327 inde
542 265 645 327 accenfi
652 264 812 339 hostes,sti·

210 356 336 415 roulante
344 356 511 432 ignominia,
523 367 561 412 ne·
570 352 688 412 feminae
696 355 813 430 imperio

211 442 401 514 subderentur,
410 441 535 501 validaet
547 439 703 498 leuaarmis
711 440 813 516 juven·

211 546 257 588 tus
270 549 386 606 regnurn
399 528 459 604 ejus
472 526 624 597 invadunt;
641 525 720 605 quod
727 528 810 585 nobis

210 611 813 697 praevisum,etmiffaerurriliocohorteuoer

213 703 352 784 proelium
360 701 461 775 fecere,
475 700 556 777 cuju·
572 700 654 758 initio
670 701 810 777 ambiguo,

217 789 283 850 finis
301 790 398 848 laetior
406 787 472 847 fuit.
495 806 586 866 neque
595 784 697 865 dispari
708 803 810 846 eventu

212 890 365 957 pugnaturn
382 875 529 950 alegione,
545 875 591 934 cui
607 872 700 932 Ceiius
714 871 811 933 Nuiica

209 976 347 1043 praeerat.
370 978 434 1019 nanu
451 959 551 1019 Didius
559 957 809 1036 seneorutegrarin

211 1062 239 1106 et
251 1045 337 1106 muita
351 1048 431 1125 copia
447 1049 600 1120 honorum,
611 1066 659 1126 per
670 1045 808 1107 ministros

212 1154 292 1210 agere
314 1146 343 1191 et
354 1151 454 1191 -arcere
472 1132 577 1192 hostem
597 1130 662 1190 satis
678 1133 806 1193 habebar.

207 1224 288 1292 naec,
303 1238 471 1300 quamquam
481 1220 624 1292 nduobus,
636 1217 747 1277 Ostorio
758 1224 808 1279 Di·

145 1324 147 1329 ·
205 1307 314 1388 ’δίοψις
329 1308 550 1386 propraetoribus
559 1306 651 1385 plures
661 1326 709 1384 per
718 1327 808 1366 annor

211 1392 282 1469 gesta
293 1393 443 1469 conjunxi,
455 1413 491 1452 ne
498 1392 596 1466 divisa,
610 1391 683 1452 haud
695 1394 809 1470 perinde

152 1505 156 1511 ·
209 1479 245 1537 ad
262 1481 420 1538 memoriam
436 1479 475 1540 sui
487 1481 618 1540 vaierent.
672 1485 756 1539 Nunc
771 1480 807 1541 ad
817 1505 846 1561 4r

211 1582 366 1645 temporum
375 1566 501 1626 ordinem
514 1566 605 1627 redeo.
628 1569 678 1624 Ti.
687 1567 807 1627 Claudio

211 1654 349 1730 quintum,
366 1661 424 1712 Ser.
433 1654 567 1714 Cornelio
581 1652 672 1713 Orfito
686 1652 806 1713 consuli·

211 1740 262 1797 bus
279 1740 366 1799 virilis
382 1755 449 1818 rogo
459 1742 568 1799 Neroni
586 1752 735 1812 maturata,
748 1760 807 1820 quo

209 1822 383 1906 capeffendae
403 1825 569 1905 reipublicae
586 1827 685 1886 habilis
699 1825 808 1887 videre·

201 1928 267 1970 rur.
291 1929 319 1972 er
328 1911 426 1971 Caesar
438 1911 642 1972 adulationibus
651 1910 761 1972 senatus
774 1915 809 1973 li·

209 2001 278 2056 bens
295 1999 379 2074 ceffie,
397 2000 407 2031 ‘
427 2014 458 2057 ut
474 1997 603 2060 vicefimo
615 2001 712 2058 aetatis
729 2020 809 2060 anno

209 2086 217 2114 ‘
235 2083 406 2144 consulatum
420 2091 497 2145 Nero
512 2087 611 2146 iniretr
634 2101 718 2164 atque
732 2089 809 2145 inre·

214 2169 287 2227 ‘rim
299 2169 467 2247 designatus,
482 2170 677 2251 proconsulare
694 2174 809 2251 imperi·

209 2256 218 2287 ⁴
236 2276 282 2313 um
297 2271 377 2314 extra
390 2258 486 2317 urbem
496 2259 619 2330 haberet,
627 2279 662 2317 -ac
674 2261 808 2339 Princeps

204 2341 382 2418 ‘juventutis
390 2343 595 2424 appellaretur?
617 2343 742 2405 additum
752 2366 810 2405 no·

204 2429 344 2505 mineejur
353 2429 515 2489 donativum
525 2432 617 2505 militi,
630 2432 811 2510 congiarium

197 2514 285 2591 plebi.
308 2531 337 2580 et
347 2515 457 2580 ludicro
469 2515 653 2596 Circeufiurn,
667 2516 811 2597 quodud·
