1767 3000
187 145 230 195 20
291 144 703 192 'c.'cok'rluo'1i‘rncrrr

188 232 287 293 fidium
301 233 460 293 immunirlt
472 254 482 305 ς
496 228 583 291 'millia
595 233 644 309 qui
664 229 787 308 majores

188 322 318 378 Chaucos
333 317 367 378 ad
379 319 550 379 deditionem
568 317 739 396 pellicerent,
751 316 788 376 sr-

185 405 244 465 mul
266 405 440 465 Gannascum
459 403 529 463 dolo
545 403 756 479 aggrederentur
774 425 786 476 ς

185 488 237 550 nec
254 492 348 550 irritae
362 506 411 551 aut
423 491 571 569 degeneres
585 487 696 547 infidiae
711 487 789 549 fuere

140 589 143 593 ’
185 575 313 638 adversus
322 576 493 655 transfugam
501 590 528 635 et
538 574 702 634 violatorem
712 573 786 636 fidei.

186 661 233 724 sed
245 662 328 723 caede
338 667 398 743 ejus
411 679 503 723 motae
515 666 692 720 Chaucorum
703 680 785 721 rnen·

187 765 240 824 res,
252 765 282 809 et
295 750 419 811 Corbulo
427 749 529 809 semina
540 746 699 807 rebellionis
707 767 788 825 prae·

186 840 267 899 b'ebat
279 857 288 908 3
300 850 332 894 ut
343 836 413 896 laeta
421 836 493 915 apud
504 832 658 914 plerosque,
665 835 704 893 ita
712 832 788 912 apud

187 921 319 1000 quosdam
328 921 520 992 linistrafama3
527 919 537 953 ⁴
545 940 594 980 cur
604 918 706 980 hostem
716 939 789 979 con·

187 1010 197 1043 ⁴
211 1009 293 1067 'cireti
307 1005 418 1067 adversa
431 1010 459 1066 in
472 1007 668 1086 rempublicam
676 1004 785 1065 casurae

188 1094 198 1128 ⁴
212 1093 251 1153 sm
264 1092 392 1174 prospere
405 1093 508 1172 egillet,
521 1091 730 1153 formidolosum
739 1112 790 1171 pa·

188 1180 199 1219 ⁴
211 1182 236 1240 ci
249 1182 340 1239 virum
355 1179 498 1256 infignenr,
514 1194 542 1238 et
553 1182 655 1257 ignavo
667 1179 790 1259 principi

190 1267 201 1317 .4
214 1269 413 1346 praegravem!
422 1267 647 1343 igiturClaudius
657 1265 726 1324 adeo
734 1285 789 1323 no·

189 1371 253 1413 vam
265 1354 295 1410 in
314 1355 476 1412 Germanias
494 1354 551 1410 vim
568 1353 721 1431 prohibuit,
734 1351 744 1383 ⁴
757 1364 791 1409 ut

193 1437 312 1496 ‘referri
327 1436 490 1518 praefidia
466 1459 507 1496 crs
519 1440 655 1495 Rhenum’
663 1438 784 1520 juberer.

186 1525 245 1603 jam
258 1523 363 1584 castra
356 1545 385 1583 rn
405 1522 496 1582 hostili
510 1521 569 1582 solo
580 1522 706 1611 molienti
715 1529 790 1581 Gor·

188 1609 363 1684 bulon1,hae
375 1609 481 1668 litterae
490 1593 651 1669 redduntur
698 1608 750 1668 rlle
759 1627 838 1671 re20

190 1694 290 1769 subita,
301 1715 469 1797 quamquam
478 1696 564 1755 multa
572 1694 649 1755 fimul
658 1693 790 1755 offunde-

190 1797 297 1857 rentur,
310 1798 444 1842 metusex
453 1783 627 1860 imperatore,
642 1797 790 1862 contemp·

190 1870 232 1929 tio
243 1871 419 1944 arrhabonis,
433 1869 579 1929 ludibrium
594 1867 666 1949 apud
679 1864 766 1927 socios
779 1890 790 1942 3

190 1954 261 2013 nihil
273 1955 347 2016 aliud
358 1955 539 2034 prolocutus,
560 1973 644 2033 quarn
663 1953 674 1986 ⁴
693 1956 791 2015 beatos

192 2041 202 2074 ⁴
215 2038 357 2116 quondam
365 2040 449 2100 duces
459 2043 626 2099 Romanoal’
634 2038 791 2117 lignumre·

190 2127 282 2201 oeprui
294 2123 380 2184 dedit.
393 2140 424 2183 ut
433 2139 523 2183 tamen
533 2125 611 2184 miles
621 2129 709 2185 otium
719 2146 790 2185 exu-

190 2224 260 2281 eret,
272 2212 346 2267 inter
355 2209 460 2270 Mosam
476 2214 751 2290 Rhenumquetrium
759 2227 791 2271 et

189 2296 292 2371 viginti
305 2297 420 2356 millium
433 2296 521 2377 spatio
533 2296 627 2357 foliam
645 2298 791 2377 praeduxit

190 2400 244 2459 qua
254 2382 357 2439 incerta
367 2386 471 2441 Oceani
481 2399 641 2442 vetarentur
651 2405 660 2453 ;
671 2381 790 2460 infignia

190 2484 282 2527 tamen
298 2469 431 2548 triumphi
442 2468 554 2530 indulfir
567 2468 677 2546 Caesar,
689 2488 787 2548 quam·
