1767 3000
180 147 567 196 nunnururtnrmrv.
614 140 678 201 217

83 254 133 301 aut
142 244 215 300 Nero
223 237 404 299 inclinatione
413 230 680 315 populimuturetur,

83 325 234 408 provoluta
245 325 363 404 genibus
375 321 454 400 ejus3
478 318 487 350 ‘
500 337 561 379 non
577 335 611 376 eo
623 315 680 375 loci

84 417 152 473 ‘res
164 414 226 474 suun
237 415 293 490 agi,
309 425 340 469 ut
351 409 385 469 de
400 406 580 467 matrimonio
595 415 681 462 certet

83 502 95 533 ‘
106 499 289 581 (quamquam
301 497 329 557 id
338 495 385 556 fibi
393 498 452 554 vita
460 493 568 575 potius)
584 488 628 549 sed
636 490 680 549 vi-

79 589 164 646 ‘tnm
183 587 268 666 ipsam
285 588 314 643 in
333 597 487 641 extremum
503 576 645 637 adductam
663 595 680 633 a

81 670 243 733 ‘clientelis
260 686 289 730 et
309 666 426 727 servitiis
448 665 587 736 Otiaviae,
610 681 681 741 quae

80 760 93 795 ‘
107 760 197 840 plebis
205 756 252 816 {ibi
265 774 369 815 nomen
381 749 543 824 indiderint,
555 769 585 808 ea
593 750 622 808 in
632 768 681 829 pa·
733 766 737 773 ’

81 847 140 907 ‘ce
152 843 208 904 aufi
221 863 293 923 quae
307 844 358 901 vix
369 839 442 899 bello
457 839 612 897 evenirent.
635 854 681 895 nt·
694 876 697 883 -

80 935 93 967 ‘
107 953 154 993 nra
162 931 208 990 illa
215 926 342 990 adversus
350 927 501 1006 principem
509 921 683 1002 sumpta3du·

81 1019 93 1053 ‘
109 1039 169 1079 cem
181 1033 289 1078 tantum
302 1012 424 1090 defuiffe,
438 1015 486 1092 qui
500 1012 584 1071 mutis
600 1011 682 1072 rebus

81 1104 189 1165 ‘facile
219 1104 393 1182 reperiretur.
434 1100 573 1157 omitteret
596 1096 683 1157 modo

84 1193 96 1226 ‘
111 1193 294 1271 Campaniam
306 1199 334 1246 er
345 1189 375 1245 in
387 1186 482 1244 urbem
494 1182 577 1265 ipsam
586 1203 684 1262 perge·
767 1227 771 1240 .

83 1278 166 1354 ‘ten
178 1276 211 1337 ad
221 1276 301 1354 cujus
314 1289 412 1333 nutum
420 1267 540 1331 absentis
548 1256 684 1329 nunnitus

81 1365 94 1399 ‘
105 1368 260 1427 cierentur.
283 1359 361 1442 quod
374 1357 498 1438 aiiuquin
510 1355 586 1418 suum
597 1355 684 1417 deiic-

81 1454 94 1489 ‘
107 1469 168 1516 tum
177 1443 193 1511 ’ἒ
213 1470 295 1531 quam
307 1444 468 1528 cujusquam
480 1440 682 1505 offensionem?

81 1541 145 1601 ‘an
165 1541 232 1619 quia
246 1557 340 1598 veram
356 1535 515 1617 progeniem
536 1532 683 1612 penatibus

81 1624 257 1687 ⁴-caesarum
272 1624 369 1683 datura
385 1620 430 1695 fit,
450 1619 530 1679 malle
547 1618 683 1698 populum

80 1715 91 1747 ‘
109 1716 272 1771 Romanum
284 1709 407 1766 tibicinis
420 1706 550 1782 Aegyptii
563 1703 685 1763 ruborem
759 1744 769 1762 ,

81 1798 93 1833 ‘
106 1795 289 1877 imperatorio
301 1791 405 1870 fastigio
414 1791 521 1850 induci?
538 1787 686 1868 deniquefi

82 1888 94 1920 ‘
107 1884 139 1946 id
149 1883 231 1942 rebus
243 1879 392 1952 conducat,
404 1878 493 1937 libens
506 1896 589 1954 quum
603 1895 686 1935 coac·

82 1971 94 2007 ‘
105 1988 154 2032 tus
164 1967 426 2039 acciretdominam,
435 1962 639 2023 velconsuleret
646 1961 686 2023 st·

83 2058 96 2093 ‘
106 2055 225 2121 curirati
238 2053 310 2131 justa
323 2053 441 2111 ultione.
472 2068 499 2111 et
512 2049 629 2110 modicis
641 2070 686 2110 re·

84 2141 223 2221 “mediiu,
240 2144 344 2220 primos
356 2155 450 2199 motus
467 2136 614 2199 consedisse
628 2160 637 2209 3
658 2154 687 2198 at

84 2235 96 2267 ‘
108 2232 129 2293 fi
142 2226 287 2310 desperent
302 2248 418 2288 uxorem
428 2228 550 2287 Neronis
564 2225 687 2285 fureOc·

39 2320 103 2385 62‘
114 2320 235 2392 raviam,
245 2316 286 2374 illi
301 2318 428 2375 maritum
441 2314 577 2374 daturus!
628 2317 687 2370 Vu-

83 2408 149 2467 rius
158 2401 256 2477 sermo,
267 2403 337 2465 etad
346 2417 544 2485 metumatque
556 2401 627 2461 irum
640 2417 686 2456 ac·
727 2461 732 2466 ,

134 2494 229 2550 Torn.
244 2510 281 2550 rr.
419 2493 448 2550 K
