1767 3000
208 137 270 220 272
317 158 713 205 maurmunster-rr

206 243 250 305 sus
260 242 396 306 insontem
405 243 499 301 odiunt
512 241 672 321 expleverit.
719 247 840 324 Tan-53

206 330 269 390 dem
288 328 401 388 statuere
418 326 586 388 Circenfiuns
599 327 728 388 ludorum
746 330 806 406 die,

204 416 253 493 qui
261 415 353 474 Cereri
362 414 524 487 celebratur,
535 412 646 491 exsequi
655 412 804 476 destinata:

204 502 269 580 quia
278 499 374 561 Caesar
384 520 460 559 rarus
471 497 584 575 egredi,
600 499 743 578 domoque
755 517 805 562 aut

203 588 294 647 hortis
306 585 424 660 clausus,
437 586 471 645 ad
480 586 583 645 ludicra
595 588 670 646 Circi
679 590 803 646 ventitat.

203 671 504 751 bat,pronsptioresque
512 670 602 729 aditus
610 687 690 729 erant
697 672 803 732 laetitia

203 757 358 839 spedlaculi.
384 757 509 816 ordinem
520 754 626 815 insidiis
638 756 802 837 composue-

203 860 279 918 rant,
293 845 302 875 ‘
315 860 345 903 ut
354 849 508 903 Lateranus
519 842 592 922 quast
605 840 751 902 sublidium
761 847 803 904 rei

205 930 217 963 ‘
229 929 353 989 familiari
362 944 464 1000 oraret,
472 928 709 1007 deprecabundus,
716 943 746 988 tt
753 951 802 1007 ge·

202 1013 214 1048 ‘
228 1018 308 1074 nibus
321 1016 453 1093 principis
464 1013 603 1086 accidens,
616 1013 805 1093 prosterneret

203 1101 380 1173 ‘incautum,
397 1115 601 1180 pronumque,
624 1103 710 1159 animi
728 1102 802 1160 vali·

202 1187 288 1262 (δας,
296 1204 323 1247 et
331 1189 564 1266 corporeiugens.
589 1188 802 1263 turnjacentem

207 1274 257 1333 ‘et
271 1273 444 1353 impeditum,
455 1274 559 1332 tribuni
571 1287 598 1330 et
611 1275 803 1346 centuriones,

203 1359 214 1392 ‘
227 1375 414 1421 etceterorurn
425 1375 456 1418 ut
467 1357 585 1438 quisque
596 1358 740 1417 audentiae
749 1362 803 1419 ha·

203 1443 332 1520 ‘hurries
347 1460 532 1519 accurrerent,
550 1444 802 1524 trucidarentque;

201 1531 213 1566 ⁴
225 1534 326 1612 primas
333 1531 379 1592 fibi
393 1535 494 1611 partes’
506 1530 691 1612 expostulante
700 1535 803 1594 Scevi·

200 1639 252 1692 no,
264 1621 311 1697 qui
329 1621 477 1696 pugionem
488 1619 592 1698 templo
603 1617 701 1674 Salutis
709 1618 743 1676 in
760 1625 802 1677 E·

202 1708 298 1778 truria,
317 1704 381 1778 sive,
397 1720 427 1763 ut
444 1704 489 1762 alii
505 1703 650 1777 tradidere,
666 1702 802 1763 fortunae

200 1797 357 1851 Ferentano
366 1793 395 1849 in
407 1789 512 1869 oppido
522 1789 692 1860 detraxerat3
708 1788 801 1866 gella·

201 1879 302 1956 batque
315 1878 389 1937 uelut
399 1895 501 1952 magno
508 1877 585 1951 operi
595 1873 710 1934 lacrum.
734 1877 800 1934 ‘in-

200 1963 210 1996 ‘
223 1965 301 2021 terim
314 1961 374 2021 Piso
384 1961 457 2039 apud
466 1961 559 2023 aedem
567 1962 676 2023 Cereris
684 1963 799 2040 opperi-

200 2048 307 2120 ‘retur,
322 2047 468 2106 undosum
485 2045 636 2125 praefestus
652 2048 755 2105 Feuius
766 2060 798 2104 et

201 2132 211 2165 ‘
223 2136 305 2190 ceteri
314 2134 430 2192 accitum
441 2132 544 2191 ferrent
556 2136 586 2190 in
595 2131 690 2204 castra,
705 2132 796 2189 conti·

197 2220 207 2253 ‘
220 2232 295 2279 tante
303 2221 429 2276 Antonia
438 2218 544 2276 Claudii
553 2215 675 2276 Caesaris
684 2216 800 2290 filia‚ad

198 2306 208 2339 ‘
220 2303 384 2365 eliciendum
396 2302 472 2379 vulgi
483 2303 641 2362 favoremt'
662 2303 742 2380 quod
757 2308 798 2362 C.

196 2390 300 2453 Plinius
310 2404 454 2448 memorat.
480 2390 562 2447 nobis
575 2408 692 2466 quoquo
704 2389 803 2448 modo

148 2488 154 2496 '
196 2474 327 2542 traditum
340 2495 399 2536 non
414 2473 554 2536 occultare
565 2478 595 2534 iu
613 2476 709 2538 animo
727 2473 802 2552 fuit,
