<?xml version="1.0" encoding="UTF-8"?>
<!DOCTYPE html PUBLIC "-//W3C//DTD XHTML 1.0 Transitional//EN"
    "http://www.w3.org/TR/xhtml1/DTD/xhtml1-transitional.dtd">
<html xmlns="http://www.w3.org/1999/xhtml" xml:lang="en" lang="en">
 <head>
  <title>
</title>
<meta http-equiv="Content-Type" content="text/html;charset=utf-8" />
  <meta name='ocr-system' content='tesseract 3.04.00' />
  <meta name='ocr-capabilities' content='ocr_page ocr_carea ocr_par ocr_line ocrx_word'/>
</head>
<body>
  <div class='ocr_page' id='page_1' title='image "./ccorneliitaciti03grongoog_0309.png"; bbox 0 0 1767 3000; ppageno 0'>
   <div class='ocr_carea' id='block_1_1' title="bbox 16 164 780 2492">
    <p class='ocr_par' dir='ltr' id='par_1_1' title="bbox 16 164 780 2492">
     <span class='ocr_line' id='line_1_1' title="bbox 177 164 678 244; baseline -0.002 -18"><span class='ocrx_word' id='word_1_1' title='bbox 177 182 545 227; x_wconf 64' lang='lat' dir='ltr'><strong>canteranum.xn</strong></span> <span class='ocrx_word' id='word_1_2' title='bbox 611 164 678 244; x_wconf 89' lang='lat'><strong>269</strong></span> 
     </span>
     <span class='ocr_line' id='line_1_2' title="bbox 16 262 680 343; baseline -0.006 -21"><span class='ocrx_word' id='word_1_3' title='bbox 16 295 22 333; x_wconf 58' lang='grc' dir='ltr'>ς</span> <span class='ocrx_word' id='word_1_4' title='bbox 84 262 243 340; x_wconf 75' lang='lat' dir='ltr'><strong>Tigellinus</strong></span> <span class='ocrx_word' id='word_1_5' title='bbox 253 266 283 323; x_wconf 91' lang='lat' dir='ltr'><strong>in</strong></span> <span class='ocrx_word' id='word_1_6' title='bbox 297 264 389 322; x_wconf 88' lang='lat' dir='ltr'><strong>animo</strong></span> <span class='ocrx_word' id='word_1_7' title='bbox 401 264 534 343; x_wconf 84' lang='lat' dir='ltr'><strong>principia</strong></span> <span class='ocrx_word' id='word_1_8' title='bbox 546 263 680 336; x_wconf 78' lang='lat' dir='ltr'>anteibat,</span> 
     </span>
     <span class='ocr_line' id='line_1_3' title="bbox 84 346 679 429; baseline -0.007 -20"><span class='ocrx_word' id='word_1_9' title='bbox 84 348 269 429; x_wconf 78' lang='lat' dir='ltr'><strong>fatigabatque</strong></span> <span class='ocrx_word' id='word_1_10' title='bbox 282 351 535 424; x_wconf 82' lang='lat' dir='ltr'><strong>criminationibus,</strong></span> <span class='ocrx_word' id='word_1_11' title='bbox 554 369 586 408; x_wconf 89' lang='lat' dir='ltr'><strong>ac</strong></span> <span class='ocrx_word' id='word_1_12' title='bbox 601 346 679 427; x_wconf 81' lang='lat' dir='ltr'>saepe</span> 
     </span>
     <span class='ocr_line' id='line_1_4' title="bbox 17 435 680 515; baseline 0.002 -24"><span class='ocrx_word' id='word_1_13' title='bbox 17 437 34 491; x_wconf 87' lang='lat'><strong>.&#39;</strong></span> <span class='ocrx_word' id='word_1_14' title='bbox 83 438 225 495; x_wconf 74' lang='lat' dir='ltr'><strong>inunctum</strong></span> <span class='ocrx_word' id='word_1_15' title='bbox 238 436 400 507; x_wconf 82' lang='lat' dir='ltr'><strong>adduxerat,</strong></span> <span class='ocrx_word' id='word_1_16' title='bbox 416 435 490 515; x_wconf 84' lang='lat' dir='ltr'><strong>quafi</strong></span> <span class='ocrx_word' id='word_1_17' title='bbox 502 436 512 468; x_wconf 90' lang='lat'>‘</span> <span class='ocrx_word' id='word_1_18' title='bbox 526 435 680 494; x_wconf 85' lang='lat' dir='ltr'><strong>adulterum</strong></span> 
     </span>
     <span class='ocr_line' id='line_1_5' title="bbox 17 520 680 601; baseline -0.002 -21"><span class='ocrx_word' id='word_1_19' title='bbox 17 568 18 573; x_wconf 32' lang='lat'>1</span> <span class='ocrx_word' id='word_1_20' title='bbox 84 521 287 601; x_wconf 85' lang='lat' dir='ltr'><strong>‘Agrippinae,</strong></span> <span class='ocrx_word' id='word_1_21' title='bbox 305 537 334 580; x_wconf 91' lang='lat' dir='ltr'><strong>et</strong></span> <span class='ocrx_word' id='word_1_22' title='bbox 353 520 483 580; x_wconf 77' lang='lat' dir='ltr'><strong>defiderto</strong></span> <span class='ocrx_word' id='word_1_23' title='bbox 498 521 680 598; x_wconf 73' lang='lat' dir='ltr'><strong>ejas‘ultioni</strong></span> 
     </span>
     <span class='ocr_line' id='line_1_6' title="bbox 84 608 686 684; baseline -0.005 -17"><span class='ocrx_word' id='word_1_24' title='bbox 84 609 268 668; x_wconf 59' lang='lat' dir='ltr'><strong>‘intentum.¹</strong></span> <span class='ocrx_word' id='word_1_25' title='bbox 291 609 374 684; x_wconf 87' lang='lat' dir='ltr'><strong>igitur</strong></span> <span class='ocrx_word' id='word_1_26' title='bbox 384 608 431 664; x_wconf 90' lang='lat' dir='ltr'><strong>ubi</strong></span> <span class='ocrx_word' id='word_1_27' title='bbox 440 608 594 683; x_wconf 78' lang='lat' dir='ltr'><strong>conjuratis</strong></span> <span class='ocrx_word' id='word_1_28' title='bbox 603 621 686 684; x_wconf 80' lang='lat' dir='ltr'><strong>prae·‘</strong></span> 
     </span>
     <span class='ocr_line' id='line_1_7' title="bbox 83 692 680 772; baseline -0.003 -20"><span class='ocrx_word' id='word_1_29' title='bbox 83 692 184 752; x_wconf 70' lang='lat' dir='ltr'><strong>setium</strong></span> <span class='ocrx_word' id='word_1_30' title='bbox 203 712 315 771; x_wconf 86' lang='lat' dir='ltr'><strong>quoque</strong></span> <span class='ocrx_word' id='word_1_31' title='bbox 330 695 459 771; x_wconf 85' lang='lat' dir='ltr'><strong>praetorii</strong></span> <span class='ocrx_word' id='word_1_32' title='bbox 477 694 506 749; x_wconf 89' lang='lat' dir='ltr'><strong>in</strong></span> <span class='ocrx_word' id='word_1_33' title='bbox 527 707 618 772; x_wconf 77' lang='lat' dir='ltr'><strong>partes</strong></span> <span class='ocrx_word' id='word_1_34' title='bbox 633 692 680 750; x_wconf 88' lang='lat' dir='ltr'><strong>de-</strong></span> 
     </span>
     <span class='ocr_line' id='line_1_8' title="bbox 83 775 680 856; baseline -0.003 -19"><span class='ocrx_word' id='word_1_35' title='bbox 83 776 223 850; x_wconf 85' lang='lat' dir='ltr'><strong>scendisse,</strong></span> <span class='ocrx_word' id='word_1_36' title='bbox 234 780 332 837; x_wconf 84' lang='lat' dir='ltr'><strong>erebro</strong></span> <span class='ocrx_word' id='word_1_37' title='bbox 342 776 423 856; x_wconf 76' lang='lat' dir='ltr'><strong>ipsura</strong></span> <span class='ocrx_word' id='word_1_38' title='bbox 432 775 557 836; x_wconf 86' lang='lat' dir='ltr'>sermone</span> <span class='ocrx_word' id='word_1_39' title='bbox 568 776 637 836; x_wconf 67' lang='lat' dir='ltr'><strong>faeta</strong></span> <span class='ocrx_word' id='word_1_40' title='bbox 647 776 680 835; x_wconf 87' lang='lat' dir='ltr'><strong>fi·</strong></span> 
     </span>
     <span class='ocr_line' id='line_1_9' title="bbox 83 863 680 943; baseline -0.003 -20"><span class='ocrx_word' id='word_1_41' title='bbox 83 863 150 935; x_wconf 82' lang='lat' dir='ltr'><strong>det;</strong></span> <span class='ocrx_word' id='word_1_42' title='bbox 164 866 318 943; x_wconf 79' lang='lat' dir='ltr'><strong>promptius</strong></span> <span class='ocrx_word' id='word_1_43' title='bbox 328 866 385 942; x_wconf 87' lang='lat' dir='ltr'><strong>jam</strong></span> <span class='ocrx_word' id='word_1_44' title='bbox 396 863 430 922; x_wconf 88' lang='lat' dir='ltr'><strong>de</strong></span> <span class='ocrx_word' id='word_1_45' title='bbox 438 881 562 943; x_wconf 87' lang='lat' dir='ltr'><strong>tempore</strong></span> <span class='ocrx_word' id='word_1_46' title='bbox 571 885 603 923; x_wconf 87' lang='lat' dir='ltr'><strong>ac</strong></span> <span class='ocrx_word' id='word_1_47' title='bbox 614 863 680 923; x_wconf 89' lang='lat' dir='ltr'><strong>loco</strong></span> 
     </span>
     <span class='ocr_line' id='line_1_10' title="bbox 83 949 680 1031; baseline 0 -22"><span class='ocrx_word' id='word_1_48' title='bbox 83 950 176 1009; x_wconf 76' lang='lat' dir='ltr'><strong>caedis</strong></span> <span class='ocrx_word' id='word_1_49' title='bbox 188 953 336 1028; x_wconf 81' lang='lat' dir='ltr'><strong>agitabant.</strong></span> <span class='ocrx_word' id='word_1_50' title='bbox 365 966 393 1009; x_wconf 92' lang='lat' dir='ltr'><strong>et</strong></span> <span class='ocrx_word' id='word_1_51' title='bbox 406 949 416 982; x_wconf 83' lang='lat'>‘</span> <span class='ocrx_word' id='word_1_52' title='bbox 431 949 527 1031; x_wconf 81' lang='lat' dir='ltr'><strong>cepiffe</strong></span> <span class='ocrx_word' id='word_1_53' title='bbox 539 952 680 1029; x_wconf 86' lang='lat' dir='ltr'><strong>impetum’</strong></span> 
     </span>
     <span class='ocr_line' id='line_1_11' title="bbox 84 1035 680 1108; baseline 0 -14"><span class='ocrx_word' id='word_1_54' title='bbox 84 1040 197 1096; x_wconf 77' lang='lat' dir='ltr'><strong>Subrius</strong></span> <span class='ocrx_word' id='word_1_55' title='bbox 206 1038 316 1097; x_wconf 82' lang='lat' dir='ltr'><strong>Flavius</strong></span> <span class='ocrx_word' id='word_1_56' title='bbox 324 1037 469 1108; x_wconf 83' lang='lat' dir='ltr'><strong>ferebatur,</strong></span> <span class='ocrx_word' id='word_1_57' title='bbox 483 1035 532 1096; x_wconf 86' lang='lat' dir='ltr'><strong>‘in</strong></span> <span class='ocrx_word' id='word_1_58' title='bbox 543 1036 622 1096; x_wconf 87' lang='lat' dir='ltr'><strong>scena</strong></span> <span class='ocrx_word' id='word_1_59' title='bbox 632 1057 680 1094; x_wconf 90' lang='lat' dir='ltr'><strong>ca·</strong></span> 
     </span>
     <span class='ocr_line' id='line_1_12' title="bbox 84 1122 680 1199; baseline 0.002 -19"><span class='ocrx_word' id='word_1_60' title='bbox 84 1123 96 1155; x_wconf 78' lang='lat'><em>⁴</em></span> <span class='ocrx_word' id='word_1_61' title='bbox 109 1138 219 1181; x_wconf 85' lang='lat' dir='ltr'><strong>nentem</strong></span> <span class='ocrx_word' id='word_1_62' title='bbox 226 1129 366 1181; x_wconf 87' lang='lat' dir='ltr'><strong>Neronem</strong></span> <span class='ocrx_word' id='word_1_63' title='bbox 374 1122 680 1199; x_wconf 79' lang='lat' dir='ltr'><strong>aggrediendi3autcun1</strong></span> 
     </span>
     <span class='ocr_line' id='line_1_13' title="bbox 84 1200 745 1286; baseline 0.002 -22"><span class='ocrx_word' id='word_1_64' title='bbox 84 1207 681 1286; x_wconf 74' lang='lat' dir='ltr'><strong>‘ardentedomopetnoeietnhucilluccur·</strong></span> <span class='ocrx_word' id='word_1_65' title='bbox 740 1200 745 1204; x_wconf 57' lang='grc'>’</span> 
     </span>
     <span class='ocr_line' id='line_1_14' title="bbox 86 1290 757 1353; baseline -0.006 -1"><span class='ocrx_word' id='word_1_66' title='bbox 86 1294 96 1327; x_wconf 73' lang='lat'><strong><em>⁴</em></strong></span> <span class='ocrx_word' id='word_1_67' title='bbox 109 1290 178 1353; x_wconf 88' lang='lat' dir='ltr'><strong>saret</strong></span> <span class='ocrx_word' id='word_1_68' title='bbox 190 1292 394 1353; x_wconf 59' lang='lat' dir='ltr'><strong>incustoditus)</strong></span> <span class='ocrx_word' id='word_1_69' title='bbox 416 1294 460 1353; x_wconf 86' lang='lat' dir='ltr'><strong>bic</strong></span> <span class='ocrx_word' id='word_1_70' title='bbox 468 1291 573 1353; x_wconf 76' lang='lat' dir='ltr'><strong>occatio</strong></span> <span class='ocrx_word' id='word_1_71' title='bbox 585 1292 681 1352; x_wconf 85' lang='lat' dir='ltr'><strong>solitu·</strong></span> <span class='ocrx_word' id='word_1_72' title='bbox 752 1343 757 1348; x_wconf 79' lang='grc'><strong>,</strong></span> 
     </span>
     <span class='ocr_line' id='line_1_15' title="bbox 84 1379 680 1460; baseline -0.003 -20"><span class='ocrx_word' id='word_1_73' title='bbox 84 1380 178 1453; x_wconf 81' lang='lat' dir='ltr'><strong>dinia;</strong></span> <span class='ocrx_word' id='word_1_74' title='bbox 196 1382 233 1439; x_wconf 89' lang='lat' dir='ltr'><strong>ibi</strong></span> <span class='ocrx_word' id='word_1_75' title='bbox 245 1379 301 1457; x_wconf 82' lang='lat' dir='ltr'><strong>ipsa</strong></span> <span class='ocrx_word' id='word_1_76' title='bbox 313 1379 470 1460; x_wconf 80' lang='lat' dir='ltr'><strong>frequentia</strong></span> <span class='ocrx_word' id='word_1_77' title='bbox 485 1382 556 1439; x_wconf 88' lang='lat' dir='ltr'><strong>tanti</strong></span> <span class='ocrx_word' id='word_1_78' title='bbox 571 1379 680 1442; x_wconf 84' lang='lat' dir='ltr'><strong>decoris</strong></span> 
     </span>
     <span class='ocr_line' id='line_1_16' title="bbox 83 1465 680 1548; baseline -0.002 -21"><span class='ocrx_word' id='word_1_79' title='bbox 83 1466 170 1542; x_wconf 79' lang='lat' dir='ltr'><strong>testis,</strong></span> <span class='ocrx_word' id='word_1_80' title='bbox 184 1466 396 1548; x_wconf 85' lang='lat' dir='ltr'><strong>pulcherrimum</strong></span> <span class='ocrx_word' id='word_1_81' title='bbox 412 1470 535 1528; x_wconf 87' lang='lat' dir='ltr'><strong>animum</strong></span> <span class='ocrx_word' id='word_1_82' title='bbox 551 1465 680 1527; x_wconf 85' lang='lat' dir='ltr'><strong>exstimu-</strong></span> 
     </span>
     <span class='ocr_line' id='line_1_17' title="bbox 83 1554 681 1635; baseline 0.002 -21"><span class='ocrx_word' id='word_1_83' title='bbox 83 1555 230 1614; x_wconf 80' lang='lat' dir='ltr'><strong>laverant:</strong></span> <span class='ocrx_word' id='word_1_84' title='bbox 252 1554 301 1614; x_wconf 84' lang='lat' dir='ltr'><strong>nifi</strong></span> <span class='ocrx_word' id='word_1_85' title='bbox 317 1557 487 1634; x_wconf 82' lang='lat' dir='ltr'><strong>impunitatis</strong></span> <span class='ocrx_word' id='word_1_86' title='bbox 500 1555 602 1635; x_wconf 86' lang='lat' dir='ltr'><strong>cupido</strong></span> <span class='ocrx_word' id='word_1_87' title='bbox 614 1557 681 1615; x_wconf 88' lang='lat' dir='ltr'><strong>reti·</strong></span> 
     </span>
     <span class='ocr_line' id='line_1_18' title="bbox 84 1638 693 1717; baseline -0.003 -18"><span class='ocrx_word' id='word_1_88' title='bbox 84 1639 194 1712; x_wconf 82' lang='lat' dir='ltr'><strong>nuiffet,</strong></span> <span class='ocrx_word' id='word_1_89' title='bbox 202 1644 308 1715; x_wconf 80' lang='lat' dir='ltr'><strong>magnis</strong></span> <span class='ocrx_word' id='word_1_90' title='bbox 319 1641 422 1717; x_wconf 83' lang='lat' dir='ltr'>semper</span> <span class='ocrx_word' id='word_1_91' title='bbox 429 1644 575 1699; x_wconf 84' lang='lat' dir='ltr'><strong>conatibus</strong></span> <span class='ocrx_word' id='word_1_92' title='bbox 583 1638 693 1700; x_wconf 58' lang='lat' dir='ltr'><strong>adver:</strong></span> 
     </span>
     <span class='ocr_line' id='line_1_19' title="bbox 36 1724 686 1810; baseline -0.005 -25"><span class='ocrx_word' id='word_1_93' title='bbox 36 1746 78 1810; x_wconf 84' lang='lat'><strong>5¹</strong></span> <span class='ocrx_word' id='word_1_94' title='bbox 90 1724 129 1784; x_wconf 88' lang='lat' dir='ltr'><strong>sa.</strong></span> <span class='ocrx_word' id='word_1_95' title='bbox 176 1727 291 1782; x_wconf 82' lang='lat' dir='ltr'><strong>interim</strong></span> <span class='ocrx_word' id='word_1_96' title='bbox 310 1727 501 1784; x_wconf 74' lang='lat' dir='ltr'><strong>cunctantibus</strong></span> <span class='ocrx_word' id='word_1_97' title='bbox 519 1727 686 1804; x_wconf 50' lang='lat' dir='ltr'><strong>prolatanti*</strong></span> 
     </span>
     <span class='ocr_line' id='line_1_20' title="bbox 86 1808 682 1890; baseline -0.002 -19"><span class='ocrx_word' id='word_1_98' title='bbox 86 1808 190 1888; x_wconf 82' lang='lat' dir='ltr'><strong>busque</strong></span> <span class='ocrx_word' id='word_1_99' title='bbox 198 1809 269 1887; x_wconf 78' lang='lat' dir='ltr'><strong>spent</strong></span> <span class='ocrx_word' id='word_1_100' title='bbox 277 1830 309 1869; x_wconf 88' lang='lat' dir='ltr'><strong>ac</strong></span> <span class='ocrx_word' id='word_1_101' title='bbox 317 1823 430 1881; x_wconf 87' lang='lat' dir='ltr'><strong>metum,</strong></span> <span class='ocrx_word' id='word_1_102' title='bbox 445 1811 587 1887; x_wconf 83' lang='lat' dir='ltr'><strong>Epicharis</strong></span> <span class='ocrx_word' id='word_1_103' title='bbox 597 1820 682 1890; x_wconf 69' lang='lat' dir='ltr'><strong>quae³</strong></span> 
     </span>
     <span class='ocr_line' id='line_1_21' title="bbox 86 1894 682 1974; baseline 0.002 -18"><span class='ocrx_word' id='word_1_104' title='bbox 86 1895 163 1968; x_wconf 81' lang='lat' dir='ltr'><strong>darn,</strong></span> <span class='ocrx_word' id='word_1_105' title='bbox 181 1898 315 1954; x_wconf 86' lang='lat' dir='ltr'><strong>incertum</strong></span> <span class='ocrx_word' id='word_1_106' title='bbox 327 1915 450 1974; x_wconf 86' lang='lat' dir='ltr'><strong>quonam</strong></span> <span class='ocrx_word' id='word_1_107' title='bbox 466 1895 551 1956; x_wconf 87' lang='lat' dir='ltr'><strong>modo</strong></span> <span class='ocrx_word' id='word_1_108' title='bbox 562 1894 682 1957; x_wconf 86' lang='lat' dir='ltr'><strong>sciscita-</strong></span> 
     </span>
     <span class='ocr_line' id='line_1_22' title="bbox 86 1979 681 2060; baseline 0 -17"><span class='ocrx_word' id='word_1_109' title='bbox 86 1999 117 2043; x_wconf 90' lang='lat' dir='ltr'><strong>ta</strong></span> <span class='ocrx_word' id='word_1_110' title='bbox 131 1979 236 2060; x_wconf 87' lang='lat' dir='ltr'><strong>(neque</strong></span> <span class='ocrx_word' id='word_1_111' title='bbox 248 1981 287 2039; x_wconf 89' lang='lat' dir='ltr'><strong>illi</strong></span> <span class='ocrx_word' id='word_1_112' title='bbox 301 1999 368 2040; x_wconf 88' lang='lat' dir='ltr'><strong>ante</strong></span> <span class='ocrx_word' id='word_1_113' title='bbox 384 1980 440 2040; x_wconf 87' lang='lat' dir='ltr'><strong>ulla</strong></span> <span class='ocrx_word' id='word_1_114' title='bbox 453 2002 542 2042; x_wconf 85' lang='lat' dir='ltr'><strong>rerum</strong></span> <span class='ocrx_word' id='word_1_115' title='bbox 554 1982 681 2043; x_wconf 86' lang='lat' dir='ltr'><strong>honesta·</strong></span> 
     </span>
     <span class='ocr_line' id='line_1_23' title="bbox 89 2067 681 2148; baseline 0.003 -19"><span class='ocrx_word' id='word_1_116' title='bbox 89 2089 152 2130; x_wconf 84' lang='lat' dir='ltr'><strong>rum</strong></span> <span class='ocrx_word' id='word_1_117' title='bbox 164 2088 230 2128; x_wconf 88' lang='lat' dir='ltr'><strong>cura</strong></span> <span class='ocrx_word' id='word_1_118' title='bbox 242 2067 344 2143; x_wconf 84' lang='lat' dir='ltr'><strong>suerat)</strong></span> <span class='ocrx_word' id='word_1_119' title='bbox 354 2067 514 2143; x_wconf 81' lang='lat' dir='ltr'><strong>accendere,</strong></span> <span class='ocrx_word' id='word_1_120' title='bbox 527 2083 556 2127; x_wconf 90' lang='lat' dir='ltr'><strong>et</strong></span> <span class='ocrx_word' id='word_1_121' title='bbox 567 2090 681 2148; x_wconf 84' lang='lat' dir='ltr'><strong>arguere</strong></span> 
     </span>
     <span class='ocr_line' id='line_1_24' title="bbox 87 2153 680 2233; baseline -0.002 -15"><span class='ocrx_word' id='word_1_122' title='bbox 87 2156 270 2232; x_wconf 72' lang='lat' dir='ltr'><strong>conjuratos:</strong></span> <span class='ocrx_word' id='word_1_123' title='bbox 283 2176 314 2214; x_wconf 86' lang='lat' dir='ltr'><strong>ac</strong></span> <span class='ocrx_word' id='word_1_124' title='bbox 325 2153 680 2233; x_wconf 81' lang='lat' dir='ltr'><strong>postremolentitudiniae·</strong></span> 
     </span>
     <span class='ocr_line' id='line_1_25' title="bbox 89 2239 682 2322; baseline 0 -20"><span class='ocrx_word' id='word_1_125' title='bbox 89 2263 170 2302; x_wconf 85' lang='lat' dir='ltr'><strong>orum</strong></span> <span class='ocrx_word' id='word_1_126' title='bbox 187 2239 316 2321; x_wconf 84' lang='lat' dir='ltr'><strong>pertaesa,</strong></span> <span class='ocrx_word' id='word_1_127' title='bbox 336 2258 362 2299; x_wconf 89' lang='lat' dir='ltr'><strong>et</strong></span> <span class='ocrx_word' id='word_1_128' title='bbox 379 2244 407 2300; x_wconf 92' lang='lat' dir='ltr'><strong>in</strong></span> <span class='ocrx_word' id='word_1_129' title='bbox 421 2245 573 2321; x_wconf 82' lang='lat' dir='ltr'><strong>Campania</strong></span> <span class='ocrx_word' id='word_1_130' title='bbox 585 2264 682 2322; x_wconf 85' lang='lat' dir='ltr'><strong>agens,</strong></span> 
     </span>
     <span class='ocr_line' id='line_1_26' title="bbox 21 2326 780 2409; baseline 0 -23"><span class='ocrx_word' id='word_1_131' title='bbox 21 2402 23 2405; x_wconf 13' lang='grc' dir='ltr'><strong><em>ι</em></strong></span> <span class='ocrx_word' id='word_1_132' title='bbox 88 2331 224 2409; x_wconf 75' lang='lat' dir='ltr'><strong>primores</strong></span> <span class='ocrx_word' id='word_1_133' title='bbox 235 2326 424 2387; x_wconf 83' lang='lat' dir='ltr'><strong>claffiariorurn</strong></span> <span class='ocrx_word' id='word_1_134' title='bbox 441 2329 629 2388; x_wconf 77' lang='lat' dir='ltr'><strong>Misenenfium</strong></span> <span class='ocrx_word' id='word_1_135' title='bbox 641 2330 682 2386; x_wconf 91' lang='lat' dir='ltr'><strong>la·</strong></span> <span class='ocrx_word' id='word_1_136' title='bbox 778 2364 780 2367; x_wconf 94' lang='lat'>-</span> 
     </span>
     <span class='ocr_line' id='line_1_27' title="bbox 90 2413 681 2492; baseline 0.002 -20"><span class='ocrx_word' id='word_1_137' title='bbox 90 2413 222 2486; x_wconf 85' lang='lat' dir='ltr'><strong>besacere,</strong></span> <span class='ocrx_word' id='word_1_138' title='bbox 238 2431 264 2472; x_wconf 91' lang='lat' dir='ltr'><strong>et</strong></span> <span class='ocrx_word' id='word_1_139' title='bbox 281 2415 448 2474; x_wconf 83' lang='lat' dir='ltr'><strong>conscientia</strong></span> <span class='ocrx_word' id='word_1_140' title='bbox 460 2417 564 2492; x_wconf 77' lang='lat' dir='ltr'><strong>illigare</strong></span> <span class='ocrx_word' id='word_1_141' title='bbox 579 2417 681 2473; x_wconf 83' lang='lat' dir='ltr'><strong>conni-</strong></span> 
     </span>
    </p>
   </div>
   <div class='ocr_carea' id='block_1_2' title="bbox 90 2499 683 2663">
    <p class='ocr_par' dir='ltr' id='par_1_2' title="bbox 90 2499 683 2663">
     <span class='ocr_line' id='line_1_28' title="bbox 90 2499 683 2562; baseline 0.003 -3"><span class='ocrx_word' id='word_1_142' title='bbox 90 2517 129 2559; x_wconf 82' lang='lat' dir='ltr'><strong>xa</strong></span> <span class='ocrx_word' id='word_1_143' title='bbox 138 2499 175 2559; x_wconf 84' lang='lat' dir='ltr'><strong>est</strong></span> <span class='ocrx_word' id='word_1_144' title='bbox 187 2500 333 2560; x_wconf 82' lang='lat' dir='ltr'><strong>taliinitio.</strong></span> <span class='ocrx_word' id='word_1_145' title='bbox 356 2517 414 2559; x_wconf 80' lang='lat' dir='ltr'><strong>erat</strong></span> <span class='ocrx_word' id='word_1_146' title='bbox 428 2503 640 2561; x_wconf 83' lang='lat' dir='ltr'><strong>chiliarchuain</strong></span> <span class='ocrx_word' id='word_1_147' title='bbox 650 2520 683 2562; x_wconf 83' lang='lat' dir='ltr'><strong>ea</strong></span> 
     </span>
     <span class='ocr_line' id='line_1_29' title="bbox 255 2591 419 2663; baseline 0.006 -56"><span class='ocrx_word' id='word_1_148' title='bbox 255 2596 266 2607; x_wconf 86' lang='lat'><em>.</em></span> <span class='ocrx_word' id='word_1_149' title='bbox 358 2591 419 2663; x_wconf 52' lang='grc' dir='ltr'><strong>ΜΞ</strong></span> 
     </span>
    </p>
   </div>
   <div class='ocr_carea' id='block_1_3' title="bbox 0 0 890 3000">
    <p class='ocr_par' dir='ltr' id='par_1_3' title="bbox 0 0 890 3000">
     <span class='ocr_line' id='line_1_30' title="bbox 0 0 890 3000; baseline 0 0"><span class='ocrx_word' id='word_1_150' title='bbox 0 0 890 3000; x_wconf 95' lang='lat' dir='ltr'><strong> </strong></span> 
     </span>
    </p>
   </div>
  </div>
 </body>
</html>
