<?xml version="1.0" encoding="UTF-8"?>
<!DOCTYPE html PUBLIC "-//W3C//DTD XHTML 1.0 Transitional//EN"
    "http://www.w3.org/TR/xhtml1/DTD/xhtml1-transitional.dtd">
<html xmlns="http://www.w3.org/1999/xhtml" xml:lang="en" lang="en">
 <head>
  <title>
</title>
<meta http-equiv="Content-Type" content="text/html;charset=utf-8" />
  <meta name='ocr-system' content='tesseract 3.04.00' />
  <meta name='ocr-capabilities' content='ocr_page ocr_carea ocr_par ocr_line ocrx_word'/>
</head>
<body>
  <div class='ocr_page' id='page_1' title='image "./ccorneliitaciti03grongoog_0305.png"; bbox 0 0 1767 3000; ppageno 0'>
   <div class='ocr_carea' id='block_1_1' title="bbox 163 135 674 214">
    <p class='ocr_par' dir='ltr' id='par_1_1' title="bbox 163 135 674 214">
     <span class='ocr_line' id='line_1_1' title="bbox 163 135 674 214; baseline 0.008 -21"><span class='ocrx_word' id='word_1_1' title='bbox 163 151 380 194; x_wconf 74' lang='lat' dir='ltr'>anunntunr</span> <span class='ocrx_word' id='word_1_2' title='bbox 403 153 469 194; x_wconf 80' lang='lat' dir='ltr'>arn.</span> <span class='ocrx_word' id='word_1_3' title='bbox 486 152 544 194; x_wconf 86' lang='lat' dir='ltr'>xv.</span> <span class='ocrx_word' id='word_1_4' title='bbox 609 135 674 214; x_wconf 81' lang='lat'>265</span> 
     </span>
    </p>
   </div>
   <div class='ocr_carea' id='block_1_2' title="bbox 24 232 674 2534">
    <p class='ocr_par' dir='ltr' id='par_1_2' title="bbox 24 232 674 2534">
     <span class='ocr_line' id='line_1_2' title="bbox 73 232 674 313; baseline -0.002 -19"><span class='ocrx_word' id='word_1_5' title='bbox 73 235 222 313; x_wconf 83' lang='lat' dir='ltr'><strong>longinqui</strong></span> <span class='ocrx_word' id='word_1_6' title='bbox 238 236 309 292; x_wconf 86' lang='lat' dir='ltr'>rutis</span> <span class='ocrx_word' id='word_1_7' title='bbox 329 233 454 293; x_wconf 80' lang='lat' dir='ltr'>secellum</span> <span class='ocrx_word' id='word_1_8' title='bbox 471 235 480 265; x_wconf 87' lang='lat'>‘</span> <span class='ocrx_word' id='word_1_9' title='bbox 500 232 625 308; x_wconf 80' lang='lat' dir='ltr'>oraville,</span> <span class='ocrx_word' id='word_1_10' title='bbox 645 253 674 293; x_wconf 87' lang='lat' dir='ltr'>et</span> 
     </span>
     <span class='ocr_line' id='line_1_3' title="bbox 24 291 671 400; baseline -0.002 -20"><span class='ocrx_word' id='word_1_11' title='bbox 24 291 28 350; x_wconf 69' lang='lat' dir='ltr'>l</span> <span class='ocrx_word' id='word_1_12' title='bbox 76 323 85 352; x_wconf 90' lang='lat'>‘</span> <span class='ocrx_word' id='word_1_13' title='bbox 100 320 238 400; x_wconf 86' lang='lat' dir='ltr'>postquam</span> <span class='ocrx_word' id='word_1_14' title='bbox 249 341 307 379; x_wconf 90' lang='lat' dir='ltr'>non</span> <span class='ocrx_word' id='word_1_15' title='bbox 318 320 532 394; x_wconf 81' lang='lat' dir='ltr'>concedebatur,</span> <span class='ocrx_word' id='word_1_16' title='bbox 547 319 607 378; x_wconf 71' lang='lat' dir='ltr'>ficia</span> <span class='ocrx_word' id='word_1_17' title='bbox 622 341 671 379; x_wconf 87' lang='lat' dir='ltr'>va·</span> 
     </span>
     <span class='ocr_line' id='line_1_4' title="bbox 24 383 672 484; baseline 0.002 -18"><span class='ocrx_word' id='word_1_18' title='bbox 24 383 29 420; x_wconf 50' lang='grc' dir='ltr'>ι</span> <span class='ocrx_word' id='word_1_19' title='bbox 74 405 85 436; x_wconf 92' lang='lat'>‘</span> <span class='ocrx_word' id='word_1_20' title='bbox 98 407 219 466; x_wconf 86' lang='lat' dir='ltr'>letudine</span> <span class='ocrx_word' id='word_1_21' title='bbox 231 404 305 484; x_wconf 88' lang='lat' dir='ltr'>quast</span> <span class='ocrx_word' id='word_1_22' title='bbox 313 427 392 484; x_wconf 84' lang='lat' dir='ltr'>aeger</span> <span class='ocrx_word' id='word_1_23' title='bbox 401 409 503 481; x_wconf 86' lang='lat' dir='ltr'>nervis,</span> <span class='ocrx_word' id='word_1_24' title='bbox 516 406 672 467; x_wconf 85' lang='lat' dir='ltr'>cubiculum</span> 
     </span>
     <span class='ocr_line' id='line_1_5' title="bbox 24 480 672 571; baseline 0.003 -20"><span class='ocrx_word' id='word_1_25' title='bbox 24 480 28 494; x_wconf 62' lang='lat'>¹</span> <span class='ocrx_word' id='word_1_26' title='bbox 73 492 84 525; x_wconf 80' lang='lat'><em>⁴</em></span> <span class='ocrx_word' id='word_1_27' title='bbox 96 513 155 551; x_wconf 89' lang='lat' dir='ltr'>non</span> <span class='ocrx_word' id='word_1_28' title='bbox 168 489 306 571; x_wconf 63' lang='lat' dir='ltr'>egrcllus)</span> <span class='ocrx_word' id='word_1_29' title='bbox 328 492 462 551; x_wconf 83' lang='lat' dir='ltr'>tradidere</span> <span class='ocrx_word' id='word_1_30' title='bbox 471 494 594 570; x_wconf 88' lang='lat' dir='ltr'>quidam,</span> <span class='ocrx_word' id='word_1_31' title='bbox 605 493 615 523; x_wconf 86' lang='lat'><em>‘</em></span> <span class='ocrx_word' id='word_1_32' title='bbox 623 514 672 553; x_wconf 88' lang='lat' dir='ltr'>ve·</span> 
     </span>
     <span class='ocr_line' id='line_1_6' title="bbox 24 567 672 656; baseline 0.002 -19"><span class='ocrx_word' id='word_1_33' title='bbox 24 567 27 581; x_wconf 60' lang='lat'><strong>¹</strong></span> <span class='ocrx_word' id='word_1_34' title='bbox 74 578 200 637; x_wconf 84' lang='lat' dir='ltr'>‘uenum</span> <span class='ocrx_word' id='word_1_35' title='bbox 213 580 238 635; x_wconf 92' lang='lat' dir='ltr'>ei</span> <span class='ocrx_word' id='word_1_36' title='bbox 255 598 303 656; x_wconf 85' lang='lat' dir='ltr'>per</span> <span class='ocrx_word' id='word_1_37' title='bbox 314 576 441 636; x_wconf 88' lang='lat' dir='ltr'>libertum</span> <span class='ocrx_word' id='word_1_38' title='bbox 455 577 546 655; x_wconf 76' lang='lat' dir='ltr'>ipsius,</span> <span class='ocrx_word' id='word_1_39' title='bbox 562 581 605 636; x_wconf 88' lang='lat' dir='ltr'>cui</span> <span class='ocrx_word' id='word_1_40' title='bbox 618 600 672 639; x_wconf 92' lang='lat' dir='ltr'>no·</span> 
     </span>
     <span class='ocr_line' id='line_1_7' title="bbox 24 655 671 740; baseline 0.002 -18"><span class='ocrx_word' id='word_1_41' title='bbox 24 655 26 667; x_wconf 65' lang='grc'>’</span> <span class='ocrx_word' id='word_1_42' title='bbox 73 664 84 695; x_wconf 80' lang='lat'><em>⁴</em></span> <span class='ocrx_word' id='word_1_43' title='bbox 99 685 164 734; x_wconf 82' lang='lat' dir='ltr'>men</span> <span class='ocrx_word' id='word_1_44' title='bbox 176 662 336 735; x_wconf 78' lang='lat' dir='ltr'>Cleonicus,</span> <span class='ocrx_word' id='word_1_45' title='bbox 348 678 484 740; x_wconf 86' lang='lat' dir='ltr'>paratum,</span> <span class='ocrx_word' id='word_1_46' title='bbox 496 662 567 739; x_wconf 78' lang='lat' dir='ltr'>julio</span> <span class='ocrx_word' id='word_1_47' title='bbox 581 671 671 724; x_wconf 91' lang='lat' dir='ltr'>Nero·</span> 
     </span>
     <span class='ocr_line' id='line_1_8' title="bbox 73 749 671 826; baseline 0.002 -18"><span class='ocrx_word' id='word_1_48' title='bbox 73 751 84 784; x_wconf 87' lang='lat'>‘</span> <span class='ocrx_word' id='word_1_49' title='bbox 97 751 464 826; x_wconf 80' lang='lat' dir='ltr'>niatvitatumqueaSeneca</span> <span class='ocrx_word' id='word_1_50' title='bbox 473 749 629 825; x_wconf 88' lang='lat' dir='ltr'>proditione</span> <span class='ocrx_word' id='word_1_51' title='bbox 637 751 671 809; x_wconf 92' lang='lat' dir='ltr'>li·</span> 
     </span>
     <span class='ocr_line' id='line_1_9' title="bbox 24 829 672 915; baseline 0 -21"><span class='ocrx_word' id='word_1_52' title='bbox 24 829 26 854; x_wconf 61' lang='lat'><strong>*</strong></span> <span class='ocrx_word' id='word_1_53' title='bbox 74 835 84 868; x_wconf 87' lang='lat'>‘</span> <span class='ocrx_word' id='word_1_54' title='bbox 98 836 181 905; x_wconf 86' lang='lat' dir='ltr'>betti,</span> <span class='ocrx_word' id='word_1_55' title='bbox 194 831 237 893; x_wconf 87' lang='lat' dir='ltr'>seu</span> <span class='ocrx_word' id='word_1_56' title='bbox 247 836 358 914; x_wconf 87' lang='lat' dir='ltr'>proptia</span> <span class='ocrx_word' id='word_1_57' title='bbox 368 834 527 909; x_wconf 87' lang='lat' dir='ltr'>formidine,</span> <span class='ocrx_word' id='word_1_58' title='bbox 536 835 600 893; x_wconf 89' lang='lat' dir='ltr'>dum</span> <span class='ocrx_word' id='word_1_59' title='bbox 610 856 672 915; x_wconf 85' lang='lat' dir='ltr'>per·</span> 
     </span>
     <span class='ocr_line' id='line_1_10' title="bbox 24 909 671 1000; baseline 0.002 -19"><span class='ocrx_word' id='word_1_60' title='bbox 24 909 27 938; x_wconf 61' lang='lat'><strong><em>⁹</em></strong></span> <span class='ocrx_word' id='word_1_61' title='bbox 76 920 306 999; x_wconf 61' lang='lat' dir='ltr'>‘fimpliciviclm</span> <span class='ocrx_word' id='word_1_62' title='bbox 319 936 346 979; x_wconf 91' lang='lat' dir='ltr'>et</span> <span class='ocrx_word' id='word_1_63' title='bbox 359 919 505 999; x_wconf 82' lang='lat' dir='ltr'>agrestibus</span> <span class='ocrx_word' id='word_1_64' title='bbox 513 923 615 1000; x_wconf 85' lang='lat' dir='ltr'>pomis,</span> <span class='ocrx_word' id='word_1_65' title='bbox 628 944 671 996; x_wconf 87' lang='lat' dir='ltr'>ac,</span> 
     </span>
     <span class='ocr_line' id='line_1_11' title="bbox 24 1006 673 1090; baseline 0 -23"><span class='ocrx_word' id='word_1_66' title='bbox 24 1015 26 1090; x_wconf 63' lang='lat' dir='ltr'>f</span> <span class='ocrx_word' id='word_1_67' title='bbox 76 1006 182 1067; x_wconf 78' lang='lat' dir='ltr'>‘listris</span> <span class='ocrx_word' id='word_1_68' title='bbox 197 1006 368 1080; x_wconf 87' lang='lat' dir='ltr'>admoneret,</span> <span class='ocrx_word' id='word_1_69' title='bbox 383 1009 539 1087; x_wconf 89' lang='lat' dir='ltr'>profluente</span> <span class='ocrx_word' id='word_1_70' title='bbox 550 1011 673 1086; x_wconf 79' lang='lat' dir='ltr'>aquavi-</span> 
     </span>
     <span class='ocr_line' id='line_1_12' title="bbox 24 1092 671 1171; baseline 0.005 -20"><span class='ocrx_word' id='word_1_71' title='bbox 24 1092 90 1165; x_wconf 70' lang='lat'>&#39;46‘</span> <span class='ocrx_word' id='word_1_72' title='bbox 104 1109 160 1152; x_wconf 87' lang='lat' dir='ltr'>tarn</span> <span class='ocrx_word' id='word_1_73' title='bbox 172 1092 292 1150; x_wconf 67' lang='lat' dir='ltr'>tolerat?</span> <span class='ocrx_word' id='word_1_74' title='bbox 342 1093 474 1151; x_wconf 74' lang='lat' dir='ltr'>Periclem</span> <span class='ocrx_word' id='word_1_75' title='bbox 490 1109 597 1171; x_wconf 79' lang='lat' dir='ltr'>ternpus</span> <span class='ocrx_word' id='word_1_76' title='bbox 612 1095 671 1170; x_wconf 85' lang='lat' dir='ltr'>gla-</span> 
     </span>
     <span class='ocr_line' id='line_1_13' title="bbox 73 1176 671 1256; baseline 0.002 -19"><span class='ocrx_word' id='word_1_77' title='bbox 73 1180 195 1237; x_wconf 79' lang='lat' dir='ltr'>diatores</span> <span class='ocrx_word' id='word_1_78' title='bbox 205 1176 276 1255; x_wconf 88' lang='lat' dir='ltr'>apud</span> <span class='ocrx_word' id='word_1_79' title='bbox 287 1177 418 1256; x_wconf 88' lang='lat' dir='ltr'>oppidum</span> <span class='ocrx_word' id='word_1_80' title='bbox 434 1177 568 1253; x_wconf 84' lang='lat' dir='ltr'>Prencste,</span> <span class='ocrx_word' id='word_1_81' title='bbox 580 1195 671 1238; x_wconf 87' lang='lat' dir='ltr'>tenta·</span> 
     </span>
     <span class='ocr_line' id='line_1_14' title="bbox 24 1261 670 1344; baseline 0.002 -21"><span class='ocrx_word' id='word_1_82' title='bbox 24 1263 25 1274; x_wconf 53' lang='lat'>¹</span> <span class='ocrx_word' id='word_1_83' title='bbox 73 1281 101 1323; x_wconf 91' lang='lat' dir='ltr'>ta</span> <span class='ocrx_word' id='word_1_84' title='bbox 114 1265 273 1340; x_wconf 75' lang='lat' dir='ltr'>eruptione,</span> <span class='ocrx_word' id='word_1_85' title='bbox 290 1261 420 1340; x_wconf 82' lang='lat' dir='ltr'>praefidio</span> <span class='ocrx_word' id='word_1_86' title='bbox 433 1265 539 1336; x_wconf 83' lang='lat' dir='ltr'>militis,</span> <span class='ocrx_word' id='word_1_87' title='bbox 553 1267 600 1344; x_wconf 91' lang='lat' dir='ltr'>qui</span> <span class='ocrx_word' id='word_1_88' title='bbox 612 1264 670 1324; x_wconf 86' lang='lat' dir='ltr'>cus·</span> 
     </span>
     <span class='ocr_line' id='line_1_15' title="bbox 24 1347 670 1432; baseline 0.002 -22"><span class='ocrx_word' id='word_1_89' title='bbox 24 1351 26 1361; x_wconf 79' lang='grc'><em>’</em></span> <span class='ocrx_word' id='word_1_90' title='bbox 74 1367 121 1410; x_wconf 87' lang='lat' dir='ltr'>tos</span> <span class='ocrx_word' id='word_1_91' title='bbox 133 1347 242 1419; x_wconf 80' lang='lat' dir='ltr'>adellet,</span> <span class='ocrx_word' id='word_1_92' title='bbox 256 1350 368 1410; x_wconf 63' lang='lat' dir='ltr'>coerciti</span> <span class='ocrx_word' id='word_1_93' title='bbox 378 1348 457 1408; x_wconf 66' lang='lat' dir='ltr'>sunto</span> <span class='ocrx_word' id='word_1_94' title='bbox 468 1351 527 1429; x_wconf 85' lang='lat' dir='ltr'>jam</span> <span class='ocrx_word' id='word_1_95' title='bbox 539 1353 548 1380; x_wconf 89' lang='lat'>‘</span> <span class='ocrx_word' id='word_1_96' title='bbox 562 1359 670 1432; x_wconf 73' lang='lat' dir='ltr'>Sparta-</span> 
     </span>
     <span class='ocr_line' id='line_1_16' title="bbox 24 1436 669 1501; baseline 0.008 -6"><span class='ocrx_word' id='word_1_97' title='bbox 24 1447 26 1462; x_wconf 90' lang='lat'>&#39;</span> <span class='ocrx_word' id='word_1_98' title='bbox 74 1439 84 1469; x_wconf 91' lang='lat'>‘</span> <span class='ocrx_word' id='word_1_99' title='bbox 97 1458 160 1496; x_wconf 90' lang='lat' dir='ltr'>cum</span> <span class='ocrx_word' id='word_1_100' title='bbox 169 1450 197 1495; x_wconf 87' lang='lat' dir='ltr'>et</span> <span class='ocrx_word' id='word_1_101' title='bbox 206 1451 297 1495; x_wconf 90' lang='lat' dir='ltr'>vetera</span> <span class='ocrx_word' id='word_1_102' title='bbox 306 1436 386 1497; x_wconf 83' lang='lat' dir='ltr'>mala’</span> <span class='ocrx_word' id='word_1_103' title='bbox 399 1439 555 1496; x_wconf 87' lang='lat' dir='ltr'>rumoribus</span> <span class='ocrx_word' id='word_1_104' title='bbox 564 1437 669 1501; x_wconf 85' lang='lat' dir='ltr'>ferente</span> 
     </span>
     <span class='ocr_line' id='line_1_17' title="bbox 24 1523 669 1606; baseline 0.006 -22"><span class='ocrx_word' id='word_1_105' title='bbox 24 1535 27 1567; x_wconf 72' lang='grc'><strong>1</strong></span> <span class='ocrx_word' id='word_1_106' title='bbox 72 1525 190 1605; x_wconf 85' lang='lat' dir='ltr'>populo,</span> <span class='ocrx_word' id='word_1_107' title='bbox 201 1537 233 1582; x_wconf 88' lang='lat' dir='ltr'>ut</span> <span class='ocrx_word' id='word_1_108' title='bbox 244 1523 281 1583; x_wconf 87' lang='lat' dir='ltr'>cll</span> <span class='ocrx_word' id='word_1_109' title='bbox 293 1544 428 1584; x_wconf 84' lang='lat' dir='ltr'>novatum</span> <span class='ocrx_word' id='word_1_110' title='bbox 448 1545 537 1584; x_wconf 87' lang='lat' dir='ltr'>rerum</span> <span class='ocrx_word' id='word_1_111' title='bbox 554 1529 669 1606; x_wconf 78' lang='lat' dir='ltr'>cupiens</span> 
     </span>
     <span class='ocr_line' id='line_1_18' title="bbox 25 1608 669 1689; baseline 0.008 -21"><span class='ocrx_word' id='word_1_112' title='bbox 25 1611 27 1623; x_wconf 90' lang='lat'>&#39;</span> <span class='ocrx_word' id='word_1_113' title='bbox 72 1608 250 1689; x_wconf 85' lang='lat' dir='ltr'>pavidusque.</span> <span class='ocrx_word' id='word_1_114' title='bbox 285 1630 336 1670; x_wconf 88' lang='lat' dir='ltr'>nec</span> <span class='ocrx_word' id='word_1_115' title='bbox 348 1611 438 1669; x_wconf 88' lang='lat' dir='ltr'>multo</span> <span class='ocrx_word' id='word_1_116' title='bbox 451 1610 510 1686; x_wconf 88' lang='lat' dir='ltr'>poll</span> <span class='ocrx_word' id='word_1_117' title='bbox 527 1613 615 1671; x_wconf 82' lang='lat' dir='ltr'>clades</span> <span class='ocrx_word' id='word_1_118' title='bbox 629 1617 669 1673; x_wconf 90' lang='lat' dir='ltr'>rci</span> 
     </span>
     <span class='ocr_line' id='line_1_19' title="bbox 72 1693 670 1779; baseline 0.007 -26"><span class='ocrx_word' id='word_1_119' title='bbox 72 1693 179 1753; x_wconf 78' lang='lat' dir='ltr'>navalis</span> <span class='ocrx_word' id='word_1_120' title='bbox 198 1695 342 1772; x_wconf 83' lang='lat' dir='ltr'>accipitur,</span> <span class='ocrx_word' id='word_1_121' title='bbox 362 1715 421 1753; x_wconf 90' lang='lat' dir='ltr'>non</span> <span class='ocrx_word' id='word_1_122' title='bbox 441 1695 524 1766; x_wconf 89' lang='lat' dir='ltr'>bello,</span> <span class='ocrx_word' id='word_1_123' title='bbox 543 1696 670 1779; x_wconf 85' lang='lat' dir='ltr'>(quippe</span> 
     </span>
     <span class='ocr_line' id='line_1_20' title="bbox 71 1777 670 1857; baseline 0.008 -18"><span class='ocrx_word' id='word_1_124' title='bbox 71 1778 144 1839; x_wconf 89' lang='lat' dir='ltr'>haud</span> <span class='ocrx_word' id='word_1_125' title='bbox 154 1777 220 1836; x_wconf 78' lang='lat' dir='ltr'>aliae</span> <span class='ocrx_word' id='word_1_126' title='bbox 233 1793 288 1838; x_wconf 89' lang='lat' dir='ltr'>tarn</span> <span class='ocrx_word' id='word_1_127' title='bbox 298 1781 409 1838; x_wconf 87' lang='lat' dir='ltr'>immota</span> <span class='ocrx_word' id='word_1_128' title='bbox 425 1785 494 1857; x_wconf 81' lang='lat' dir='ltr'>pax)</span> <span class='ocrx_word' id='word_1_129' title='bbox 510 1780 553 1839; x_wconf 91' lang='lat' dir='ltr'>sed</span> <span class='ocrx_word' id='word_1_130' title='bbox 563 1800 670 1844; x_wconf 85' lang='lat' dir='ltr'>certum</span> 
     </span>
     <span class='ocr_line' id='line_1_21' title="bbox 72 1862 669 1944; baseline 0.01 -21"><span class='ocrx_word' id='word_1_131' title='bbox 72 1866 107 1925; x_wconf 91' lang='lat' dir='ltr'>ad</span> <span class='ocrx_word' id='word_1_132' title='bbox 120 1862 192 1924; x_wconf 88' lang='lat' dir='ltr'>diem</span> <span class='ocrx_word' id='word_1_133' title='bbox 204 1864 213 1895; x_wconf 91' lang='lat'>‘</span> <span class='ocrx_word' id='word_1_134' title='bbox 223 1866 252 1922; x_wconf 95' lang='lat' dir='ltr'>in</span> <span class='ocrx_word' id='word_1_135' title='bbox 262 1868 441 1944; x_wconf 82' lang='lat' dir='ltr'>Campaniam</span> <span class='ocrx_word' id='word_1_136' title='bbox 455 1865 543 1926; x_wconf 88' lang='lat' dir='ltr'>redire</span> <span class='ocrx_word' id='word_1_137' title='bbox 554 1867 669 1929; x_wconf 82' lang='lat' dir='ltr'>clalient’</span> 
     </span>
     <span class='ocr_line' id='line_1_22' title="bbox 73 1947 668 2031; baseline 0.008 -21"><span class='ocrx_word' id='word_1_138' title='bbox 73 1947 282 2027; x_wconf 78' lang='lat' dir='ltr'>Nerojullerat,</span> <span class='ocrx_word' id='word_1_139' title='bbox 298 1973 358 2012; x_wconf 88' lang='lat' dir='ltr'>nort</span> <span class='ocrx_word' id='word_1_140' title='bbox 370 1954 493 2031; x_wconf 85' lang='lat' dir='ltr'>exceptis</span> <span class='ocrx_word' id='word_1_141' title='bbox 510 1956 593 2012; x_wconf 81' lang='lat' dir='ltr'>matis</span> <span class='ocrx_word' id='word_1_142' title='bbox 605 1954 668 2015; x_wconf 80' lang='lat' dir='ltr'>calt-</span> 
     </span>
     <span class='ocr_line' id='line_1_23' title="bbox 71 2039 669 2116; baseline 0.01 -19"><span class='ocrx_word' id='word_1_143' title='bbox 71 2040 134 2097; x_wconf 81' lang='lat' dir='ltr'>bus.</span> <span class='ocrx_word' id='word_1_144' title='bbox 155 2056 222 2111; x_wconf 81' lang='lat' dir='ltr'>ergo</span> <span class='ocrx_word' id='word_1_145' title='bbox 230 2039 438 2114; x_wconf 83' lang='lat' dir='ltr'>gubernatores,</span> <span class='ocrx_word' id='word_1_146' title='bbox 448 2041 573 2116; x_wconf 84' lang='lat' dir='ltr'>quamvis</span> <span class='ocrx_word' id='word_1_147' title='bbox 583 2039 669 2103; x_wconf 85' lang='lat' dir='ltr'>saevi·</span> 
     </span>
     <span class='ocr_line' id='line_1_24' title="bbox 70 2121 668 2207; baseline 0.012 -25"><span class='ocrx_word' id='word_1_148' title='bbox 70 2139 135 2183; x_wconf 89' lang='lat' dir='ltr'>ente</span> <span class='ocrx_word' id='word_1_149' title='bbox 147 2121 257 2202; x_wconf 83' lang='lat' dir='ltr'>pelago,</span> <span class='ocrx_word' id='word_1_150' title='bbox 269 2144 285 2181; x_wconf 84' lang='lat' dir='ltr'>a</span> <span class='ocrx_word' id='word_1_151' title='bbox 297 2127 415 2184; x_wconf 81' lang='lat' dir='ltr'>Formiis</span> <span class='ocrx_word' id='word_1_152' title='bbox 427 2144 555 2198; x_wconf 81' lang='lat' dir='ltr'>movere3</span> <span class='ocrx_word' id='word_1_153' title='bbox 568 2145 597 2185; x_wconf 90' lang='lat' dir='ltr'>et</span> <span class='ocrx_word' id='word_1_154' title='bbox 604 2152 668 2207; x_wconf 87' lang='lat' dir='ltr'>gra·</span> 
     </span>
     <span class='ocr_line' id='line_1_25' title="bbox 70 2207 668 2292; baseline 0.013 -24"><span class='ocrx_word' id='word_1_155' title='bbox 70 2212 99 2268; x_wconf 87' lang='lat' dir='ltr'>vi</span> <span class='ocrx_word' id='word_1_156' title='bbox 118 2210 228 2283; x_wconf 81' lang='lat' dir='ltr'>Africo,</span> <span class='ocrx_word' id='word_1_157' title='bbox 244 2207 309 2269; x_wconf 87' lang='lat' dir='ltr'>dum</span> <span class='ocrx_word' id='word_1_158' title='bbox 325 2214 548 2292; x_wconf 84' lang='lat' dir='ltr'>promontorium</span> <span class='ocrx_word' id='word_1_159' title='bbox 568 2214 668 2277; x_wconf 87' lang='lat' dir='ltr'>Miseni</span> 
     </span>
     <span class='ocr_line' id='line_1_26' title="bbox 69 2293 665 2375; baseline 0.015 -23"><span class='ocrx_word' id='word_1_160' title='bbox 69 2293 195 2375; x_wconf 89' lang='lat' dir='ltr'>superare</span> <span class='ocrx_word' id='word_1_161' title='bbox 207 2297 394 2371; x_wconf 85' lang='lat' dir='ltr'>contendunt,</span> <span class='ocrx_word' id='word_1_162' title='bbox 413 2300 546 2358; x_wconf 78' lang='lat' dir='ltr'>Cumanis</span> <span class='ocrx_word' id='word_1_163' title='bbox 562 2300 665 2361; x_wconf 91' lang='lat' dir='ltr'>littori-</span> 
     </span>
     <span class='ocr_line' id='line_1_27' title="bbox 69 2381 666 2467; baseline 0.015 -27"><span class='ocrx_word' id='word_1_164' title='bbox 69 2382 250 2462; x_wconf 74' lang='lat' dir='ltr'>busimpacii,</span> <span class='ocrx_word' id='word_1_165' title='bbox 261 2387 410 2448; x_wconf 83' lang='lat' dir='ltr'>triremium</span> <span class='ocrx_word' id='word_1_166' title='bbox 419 2381 605 2467; x_wconf 78' lang='lat' dir='ltr'>plerasque,et</span> <span class='ocrx_word' id='word_1_167' title='bbox 613 2390 666 2449; x_wconf 79' lang='lat' dir='ltr'>nri·</span> 
     </span>
     <span class='ocr_line' id='line_1_28' title="bbox 115 2471 426 2534; baseline 0.026 -8"><span class='ocrx_word' id='word_1_168' title='bbox 115 2471 261 2531; x_wconf 63' lang='lat' dir='ltr'>Totum.</span> <span class='ocrx_word' id='word_1_169' title='bbox 394 2478 426 2534; x_wconf 87' lang='lat' dir='ltr'><strong>M</strong></span> 
     </span>
    </p>
   </div>
   <div class='ocr_carea' id='block_1_3' title="bbox 0 0 888 3000">
    <p class='ocr_par' dir='ltr' id='par_1_3' title="bbox 0 0 888 3000">
     <span class='ocr_line' id='line_1_29' title="bbox 0 0 888 3000; baseline 0 2"><span class='ocrx_word' id='word_1_170' title='bbox 0 0 888 3000; x_wconf 95' lang='lat' dir='ltr'> </span> 
     </span>
    </p>
   </div>
  </div>
 </body>
</html>
