1767 3000
167 163 237 230 230
287 161 519 206 &consum
538 157 683 202 rtosrs

168 240 785 330 piasnarnexortavislocullasnmsnsbede·

169 350 223 409 rat,
235 331 373 413 quidquid
384 331 527 391 herbidum
536 328 781 392 autsrondosonn.

170 423 255 498 igitur
263 435 338 479 metu
350 416 471 477 abstruso
484 419 595 477 mitiora
602 416 781 494 obtendens,

168 504 334 566 ‘missurum
352 505 387 563 ad
404 507 597 585 imperatorem
612 510 780 566 Bonnam

170 593 181 628 ‘
193 593 298 672 legatos
311 591 390 673 super
402 591 521 671 petenda
533 591 667 658 Armenia
682 607 713 650 et
726 590 779 650 fir·

170 680 380 760 ‘mandapace‘
389 677 547 757 respondet.
571 675 706 738 Monesen
721 680 778 739 ‘oe

170 766 305 828 ‘nuirtere
317 767 526 843 Tigranocerts'
539 766 638 840 juben
659 763 717 844 ipse
730 786 776 826 re·

171 870 218 914 tro
226 853 363 914 concedit.
408 850 632 930 Haecrploresut
648 851 659 883 ‘
675 851 805 920 sormi-6

172 942 182 973 ‘
196 940 261 1000 dine
269 942 352 1016 regis,
365 954 393 996 et
403 937 571 995 Corbulonis
581 938 667 996 minis
681 955 774 1019 patra·

171 1027 182 1059 ‘
194 1042 222 1085 ta
231 1042 257 1085 et
267 1023 421 1105 magnilica’
430 1022 613 1084 extollebant.
638 1024 687 1084 alii
700 1025 711 1057 ‘
723 1048 774 1086 oc-

170 1114 180 1146 ‘
193 1114 268 1174 culte
280 1109 416 1192 pepigisse’
428 1112 686 1189 interpretabantur
693 1135 703 1185 ;
723 1113 775 1174 ‘ut

171 1199 183 1234 ‘
196 1198 295 1261 omisso
304 1198 535 1277 utriunquebello,
547 1214 575 1257 et
583 1201 701 1258 abeunte
709 1208 775 1260 Vo·'

173 1286 304 1365 ‘logese‚
332 1291 472 1364 Tigranes
497 1305 609 1364 quoque
632 1289 774 1348 Armenia·

171 1374 182 1409 ‘
199 1373 362 1434 abscederet.
399 1395 449 1432 eur
462 1375 538 1432 enirn
550 1374 699 1433 exercituin
713 1381 774 1433 Ro-

171 1460 310 1521 ‘manum
331 1482 347 1519 a
365 1462 578 1538 Tigranocertis
598 1457 773 1520 deductum?

174 1548 245 1607 ‘cur
256 1546 360 1607 deserta
373 1568 421 1627 per
432 1549 535 1621 otium,
550 1568 617 1627 quae
631 1545 704 1605 bello
717 1546 771 1606 de·

173 1634 183 1667 ‘
199 1634 364 1695 fenderant?
389 1655 425 1693 an
438 1634 538 1694 melius
551 1630 729 1699 hibernavisse
739 1637 771 1695 in

172 1721 182 1756 ‘
194 1722 611 1801 extremaCappadocia‚raptim
620 1722 716 1780 eredis
726 1736 771 1781 tu·

171 1809 182 1842 ‘
195 1813 379 1891 guriis,qunrn
388 1813 415 1867 in
426 1807 487 1868 sede
496 1812 572 1885 regni
581 1808 667 1868 modo
676 1823 770 1866 reten-

172 1896 183 1930 ‘
197 1900 237 1957 ti?
250 1898 335 1956 dilata
349 1895 461 1975 prorsus
473 1916 558 1967 arnna,
572 1910 603 1954 ut
617 1893 769 1972 Vologeses

172 1982 259 2042 ‘cum
269 1986 324 2043 alio
337 2005 420 2062 quam
433 2003 498 2041 curn
511 1982 672 2041 Corbulone
683 1998 769 2040 certa·

170 2066 255 2127 ‘rete
278 2071 402 2128 Corbulo
422 2073 534 2128 meritae
553 2084 597 2128 tot
614 2089 663 2148 per
677 2088 767 2127 annos

170 2152 295 2233 ‘gloriae
311 2175 369 2213 non
387 2157 458 2214 ultra
476 2157 627 2234 perieulum
645 2156 767 2213 faceret!
851 2198 852 2221 n

171 2263 247 2311 narn,
260 2256 290 2299 ut
303 2242 407 2313 rettuli,
423 2246 567 2319 proprium
579 2243 677 2300 docem
687 2258 767 2299 tuen·

120 2392 121 2395 Ἴ
170 2329 221 2386 dae
238 2330 382 2387 Armeniae
399 2329 570 2407 poposcerat,
582 2344 610 2387 et
618 2329 771 2386 adventare

169 2412 321 2472 Cesennius
342 2422 440 2472 Paetus
462 2415 637 2473 audiebatur:
660 2416 770 2493 jamque

167 2499 272 2574 aderat,
291 2503 377 2581 copiis
392 2503 430 2560 ita
446 2500 551 2578 divisis,
571 2518 601 2562 ut
621 2517 721 2581 quarta
741 2517 771 2562 ot
851 2500 852 2511 ¹
