1767 3000
208 152 602 202 tunnttuttttmvt.
656 154 719 220 319

26 289 27 292 ,
121 229 135 269 ‘
145 232 213 314 quid
231 236 332 294 mirum
349 255 366 294 c
384 235 545 315 longinquis
564 237 716 317 provinciis

26 373 31 391 ,
123 314 220 380 ‘baud
228 322 328 395 veniri,
341 341 403 381 curn
412 321 535 402 plerique
545 322 636 402 adepti
647 344 718 390 cun·

26 400 28 468 s
124 405 136 440 ‘
149 404 266 467 sulatum
276 423 304 467 et
314 405 475 482 sacerdotia,
486 411 632 469 hortorum
640 407 716 490 poti·

122 492 134 527 ‘
146 512 178 552 ut
189 496 349 555 amoenitati
354 491 545 555 inservirentt’
555 494 631 576 quod
638 495 716 555 velut

80 579 210 647 28telum
218 582 355 659 arripuere
363 577 544 660 accusatores.
589 586 627 641 Et
640 583 716 641 initi·

124 686 171 726 um
180 664 298 726 faciente
306 664 475 740 Cossutiano,
488 667 593 745 majore
602 667 632 727 vi
640 673 718 727 Mar·

26 811 27 814 ,
123 751 239 827 cellua,‘
254 751 385 813 summam
398 754 591 833 rempublicam
600 754 717 831 agi'cla·

26 875 27 884 κ
123 839 254 912 mitabat3
271 838 471 900 ‘contumacia
485 838 661 912 inferiorum,
678 840 716 899 le·

124 924 135 957 ‘
147 925 261 985 uitatem
271 927 456 1005 imperitantis
467 925 601 988 deminui.
632 928 716 986 nimi·

123 1009 194 1070 ‘um
217 1014 297 1070 mitet
317 1012 430 1071 adeam
453 1011 526 1072 diem
542 1028 644 1093 patres,
667 1013 717 1091 qui

123 1096 134 1129 ‘
149 1095 299 1157 Thraseam
309 1094 511 1172 desciscentem,
527 1102 575 1179 qui
586 1118 717 1177 generum

120 1181 132 1216 ‘
145 1181 205 1259 ejus
217 1183 376 1244 Heluidium
390 1183 509 1245 Priscum
521 1188 550 1244 in
565 1186 659 1245 iisdem
671 1184 715 1244 su·

119 1267 131 1302 ‘
146 1270 268 1344 roribus,
279 1267 354 1330 timul
367 1272 517 1330 Paconium
533 1273 717 1350 Agrippinum

121 1354 254 1436 ‘paterni
265 1358 296 1416 in
311 1358 449 1436 principes
464 1357 521 1417 odii
537 1357 669 1431 heredem,
687 1372 716 1417 et

121 1440 132 1475 ‘
145 1444 270 1503 Curtium
280 1448 449 1503 Montanum
458 1443 613 1505 detestanda
621 1445 718 1505 carmi·

121 1529 181 1588 ‘na
196 1529 376 1604 factitantem,
387 1530 496 1590 eludere
510 1534 624 1610 impune
643 1530 713 1590 fine·

119 1614 131 1648 ⁴
143 1629 216 1674 rent.
241 1618 376 1693 requirere
391 1613 416 1674 se
430 1617 461 1675 in
475 1615 568 1675 senatu
585 1616 712 1677 consula·

119 1698 220 1774 ‘rem3
235 1704 263 1761 in
280 1704 356 1760 votis
367 1699 550 1775 sacerdotem
567 1704 596 1761 in
606 1703 712 1779 jureju-

32 1782 36 1785 ’
120 1785 232 1846 ‘tando
246 1789 350 1846 civemt
372 1785 422 1847 nist
434 1806 533 1849 contra
542 1785 669 1865 ¹instituta
684 1803 713 1848 et

119 1873 131 1906 ‘
143 1876 311 1934 ceremonias
321 1874 468 1951 majorum,
481 1874 651 1955 proditorem
667 1894 715 1953 pa·

80 2031 93 2044 δ
118 1958 234 2039 ‘lamet
242 1959 614 2021 hostemThraseaiuduiiset.
635 1961 717 2021 deni·

119 2044 131 2079 ⁸
143 2064 283 2125 quetgere
294 2045 460 2120 senatorem,
473 2063 501 2106 et
512 2049 645 2127 principis
661 2050 713 2108 ob·

117 2133 129 2168 ⁸
147 2137 305 2192 mediatores
317 2148 461 2209 protegere
472 2132 580 2208 solitus,
594 2135 714 2208 veniret,

119 2218 132 2251 ‘
143 2217 264 2278 censeret
271 2218 336 2297 quid
347 2220 447 2298 corrigi
456 2235 503 2279 aut
511 2221 611 2279 mutari
619 2219 713 2280 veliet:

33 2352 54 2363 ..
119 2304 249 2365 ‘facilius
274 2304 427 2385 perlaturos
445 2305 549 2383 ungula
567 2308 713 2383 increpan-

115 2391 127 2424 ‘
140 2407 207 2467 tem,
219 2411 302 2471 quarn
315 2410 392 2451 nunc
408 2391 546 2453 filentium
561 2390 712 2470 perferrent

117 2474 232 2561 somnia
245 2477 414 2542 damnantia.
442 2498 537 2559 pacem
550 2478 589 2538 iili
602 2497 650 2560 per
666 2497 712 2537 or·
