1767 3000
173 203 383 262 curruum
400 204 465 246 cru.
482 202 558 245 xiv.
610 190 671 241 201

18 333 19 336 ,
42 323 44 327 ·
75 288 148 363 ‘eo,
167 287 243 368 quod
264 285 473 367 sapientioribus
495 280 678 341 deliberatum

18 377 91 456 ,44‘
108 371 164 433 est?
195 373 247 433 sed
259 371 316 433 etfi
332 393 407 432 nunc
419 372 536 449 primum
552 365 670 425 statuen-

17 497 20 531 ι
78 460 162 521 ‘dum
171 462 344 533 haberemus,
358 455 502 519 creditisne
511 452 617 513 servum
626 449 671 507 irr-

76 547 86 579 ‘
99 546 250 606 terficiendi
262 546 369 605 domini
381 546 504 603 animum
520 531 670 616 insumpsrs·

75 632 136 706 ‘le,
151 648 182 692 ut
198 643 258 691 non
269 651 329 689 vox
343 632 440 689 minax
454 624 610 686 excideret?
627 622 673 679 ni·

74 720 87 764 ‘-
99 719 139 779 hil
147 738 196 797 per
204 719 384 775 temeritatem
392 709 617 793 proloqueretur?
629 704 671 766 sa·

76 805 88 836 ⁴
99 801 286 863 necousdium
297 802 429 875 occuluit,
445 799 532 858 telum
542 796 617 854 inter
627 794 671 868 ig·

74 892 182 950 ‘uaros
197 890 321 969 paravit:
344 909 412 946 num
426 885 557 945 excubiae
572 875 670 939 tmoli·

76 976 153 1050 ‘rct,
172 976 289 1036 cubiculi
305 974 379 1035 fores
396 971 559 1043 recluderet,
577 967 671 1027 lumen

74 1064 84 1097 ‘
97 1061 222 1136 inferret,
228 1061 335 1120 caedem
344 1073 475 1139 patraret,
481 1057 611 1118 omnibus
620 1072 669 1113 ne·

75 1151 86 1182 ‘
98 1146 178 1209 sciis?
198 1147 284 1206 multa
293 1145 400 1205 sceleris
412 1144 515 1203 iudicia
526 1141 669 1222 praeveni·

77 1234 88 1269 ‘
100 1248 152 1292 unt
160 1231 242 1294 servi.
262 1229 422 1310 fiprodaut,
431 1226 570 1309 pollumuu
578 1223 669 1300 lingu-

75 1322 87 1354 ‘
99 1322 119 1380 li
131 1322 204 1379 inter
215 1317 319 1398 plures,
331 1319 383 1376 tuti
391 1313 587 1384 interanxios;
607 1306 670 1389 pos·

75 1408 86 1439 ‘
100 1422 188 1466 tremo
196 1403 215 1464 sr
223 1404 393 1485 pereundum
405 1402 448 1477 fit,
463 1421 524 1461 oon
536 1398 616 1459 inulti
625 1399 670 1454 iu·

74 1495 86 1528 ⁴
103 1509 297 1567 ternocentes,
311 1512 401 1570 agere.
425 1487 543 1570 suspeda
555 1484 671 1563 majori-

72 1582 83 1614 ‘
100 1583 150 1641 bus
160 1579 260 1639 uostris
269 1574 627 1655 fitereiugcuiaservorum,
639 1590 669 1629 e·

74 1667 85 1699 ‘
99 1668 165 1725 tiam
174 1667 275 1724 cumin
287 1666 360 1740 agris
375 1679 423 1721 aut
433 1648 563 1721 domibus
575 1656 670 1718 iisdem

73 1754 84 1785 ‘
99 1748 271 1809 nascerentur
283 1750 478 1825 caritatemque
492 1746 679 1805 dominorum*

73 1839 84 1871 ‘
99 1836 186 1894 siurim
199 1837 362 1913 acciperent,
391 1831 535 1912 postquam
546 1850 613 1889 vero
622 1847 673 1885 na»

74 1925 85 1957 ‘
99 1926 191 1983 tiones
199 1923 228 1979 in
241 1919 350 1983 familiis
363 1920 506 1991 hebemus,
518 1910 672 1996 quibusdi=
709 1914 712 1921 “

74 2012 86 2044 ‘
100 1999 674 2083 verfiritus,cxreroasumamtnullrsunt,

74 2099 85 2130 ‘
102 2094 251 2156 colluviem
258 2092 333 2152 istem
341 2113 400 2153 non
409 2089 459 2150 nifi
470 2104 544 2150 metu
555 2090 671 2149 codrcu·

71 2185 83 2218 ⁴
96 2184 161 2243 cris.
173 2180 318 2259 etquidem
326 2178 450 2240 insontes
457 2179 596 2258 peribunt.
606 2196 672 2236 nam

72 2272 83 2301 ⁴
98 2285 125 2329 ct
136 2290 172 2329 ex
181 2268 240 2328 suso
249 2269 383 2341 exercitu,
392 2286 454 2325 cum
463 2266 586 2325 decimus
595 2260 674 2342 quis-

72 2355 219 2435 ‘quefulli
228 2354 336 2429 feritur,
347 2356 428 2413 etiam
437 2350 538 2412 streuui
550 2347 671 2409 sortiun-

74 2440 673 2521 ‘tur:habetaliquidexiniquoomnemag·
722 2444 725 2447 ‘
754 2453 756 2458 ·

71 2527 83 2562 ‘
97 2546 166 2590 uum
174 2527 340 2608 exemplum,
348 2526 424 2605 quod
433 2538 532 2588 contra
540 2518 676 2600 singulos,

354 2618 408 2688 15
