1767 3000
212 183 425 229 nuunuiuu
451 184 599 226 urruxrr.
665 161 709 244 63

108 266 164 327 bus
176 277 203 323 et
213 262 391 340 vestigalibus
402 279 525 323 auxerat.
549 260 598 343 ipsi
610 280 710 321 manus

113 353 223 432 propria
234 350 351 429 pedites,
364 369 449 428 eques
465 352 617 408 eSartnatis
627 356 712 427 Jazy·

110 440 189 517 gibus
200 452 271 509 erat,
283 438 373 516 impar
384 434 557 496 multitudini
570 434 688 495 hostium
699 456 708 494 r

109 544 200 603 enque
208 521 322 583 castellis
332 520 384 583 sese
391 519 542 595 defensare,
552 522 711 601 bellumque

68 608 360 686 godueeressatuerat.
418 607 470 666 Sed
480 614 601 685 Juzyges
612 607 713 669 ouidi·

112 700 178 775 ouis
187 696 376 773 impatientes,
390 707 419 751 et
429 695 573 772 proximos
582 713 712 772 petantu-

113 802 168 863 poa
180 783 255 859 vagi,
264 778 482 840 uecessitudinem
491 799 599 858 pugnae
611 780 712 839 attule-

112 889 153 942 re,
172 870 237 948 quia
253 869 351 946 Ligius
372 864 636 945 Hermundurusque
654 866 711 926 illic

110 952 628 1035 ingruerant.igiturdigreffirrcasteilia
634 959 714 1014 Van·

112 1046 189 1117 nius,
201 1042 328 1102 funditur
341 1043 466 1121 proelior
485 1060 652 1121 quamquam
669 1060 712 1102 re·

112 1130 167 1188 bua
179 1127 311 1210 aduersu²
326 1126 466 1199 laudatus,
482 1129 490 1159 ‘
510 1128 585 1204 quud
601 1145 630 1186 et
643 1146 713 1206 pug-

114 1212 126 1247 ‘
139 1234 204 1274 narn
217 1230 301 1271 mauu
310 1213 440 1290 capessiit,
451 1227 480 1273 et
488 1232 606 1292 corpure
614 1215 713 1273 adver·

113 1298 168 1358 ‘so
180 1298 296 1358 vulnera
307 1299 438 1379 excepit!
460 1313 580 1358 ceterum
593 1298 629 1357 ad
646 1297 714 1358 clai·

112 1384 168 1446 sem
183 1388 213 1445 in
226 1387 359 1446 Danubio
373 1387 562 1466 opperientem
579 1383 710 1466 perfugit.

112 1472 198 1535 secuti
206 1493 275 1535 nrox
283 1474 411 1551 clientes,
422 1487 452 1533 et
458 1474 579 1554 acceptis
588 1475 673 1551 agris,
682 1474 713 1533 in

110 1563 260 1623 Pannonia
270 1561 352 1622 locati
369 1560 443 1622 sunt.
467 1581 583 1639 regnum
597 1562 713 1638 Vangio

112 1647 148 1707 ad
160 1648 225 1709 Sido
236 1646 340 1707 interse
349 1649 606 1726 partivere,egregia
614 1647 713 1708 adver·

114 1732 222 1793 susnou
233 1733 303 1794 fide:
318 1732 443 1808 subjeuir
456 1732 541 1794 suone
557 1753 594 1796 an
611 1731 717 1794 servitii

114 1819 241 1895 ingenio,
256 1818 321 1876 dum
339 1816 553 1896 adipiscerentur
565 1817 715 1878 dominati·

116 1924 204 1977 ones,
222 1903 309 1964 muita
326 1904 457 1978 caritate,
479 1918 508 1962 et
527 1903 632 1980 majore
648 1904 716 1964 odio

70 2004 105 2074 3¹
117 1988 260 2071 postquam
268 1989 358 2070 adepti
372 1988 446 2049 sunt.
478 1997 518 2049 At
531 1991 561 2048 in
572 1991 714 2052 Britannia

114 2076 714 2158 P.Ostoriurnpropraetoreturbidaeretex-

112 2183 222 2246 ωριτε,
236 2162 326 2225 effusrr
339 2167 367 2224 in
381 2185 476 2242 agrurn
485 2163 621 2226 sociorum
629 2165 714 2228 hosti·

112 2254 178 2327 bur,
186 2272 222 2312 eo
234 2252 396 2328 violentius,
408 2252 486 2332 quod
500 2272 604 2313 novum
612 2253 713 2315 ducem

111 2339 236 2401 uxerritu
244 2338 383 2417 igunto,et
391 2357 490 2421 coepta
500 2342 601 2414 hieme,
611 2342 714 2400 iturum

112 2427 226 2487 obviant
242 2446 301 2488 nnn
317 2428 460 2488 rebantur.
484 2426 531 2486 ille
543 2445 644 2503 guarus
656 2427 715 2504 pri·

111 2515 168 2576 ruit
179 2515 324 2577 eventibus
335 2529 439 2578 netum
451 2530 499 2574 aut
507 2511 636 2572 fiduciam
652 2512 715 2591 gig·
