1767 3000
216 115 282 177 266
319 132 725 175 c.cokuEL11TAcl·r1

214 235 284 274 nore
299 214 407 289 navigia
422 212 512 291 passim
531 209 685 269 amiserunt.
738 214 819 273 Fiue
829 239 857 295 43

216 302 283 358 enni
299 299 447 374 vulgantur
464 298 588 375 prodigia
607 299 826 360 imminentium

215 385 471 444 malorumnuntia.
494 382 759 459 visfulgurumnon
771 386 826 444 ali·

215 493 244 530 as
261 472 394 544 crebrior,
414 486 442 528 et
458 468 530 528 fidus
551 483 686 542 cometes,
706 469 825 548 sangui·

215 555 355 616 neillustri
364 553 468 633 semper
476 558 583 614 Neroni
595 557 752 633 expiatum.
778 560 825 617 bi.

216 646 314 723 cipites
331 644 478 702 hominum
489 642 640 700 aliorumve
651 642 823 703 animalium

217 746 311 808 partus
320 730 417 806 abjesti
427 730 455 787 in
466 728 619 808 publicum
633 743 680 784 aut
691 729 721 784 in
736 728 823 789 sacri·

216 817 285 875 ficiis
297 819 344 893 qui
352 815 478 891 gravidas
491 812 589 872 hostias
602 814 822 880 immolaremus

216 902 264 975 est,
278 903 386 979 reperti.
412 914 438 957 et
448 905 476 958 in
486 921 553 976 agro
563 898 729 958 Placentino
744 904 820 961 viam

216 985 329 1066 propter
343 1001 423 1044 natus
432 986 547 1059 vitulus,
562 987 606 1045 cui
616 1001 700 1064 caput
713 988 745 1044 in
757 1010 820 1046 cru·

215 1094 246 1132 re
257 1070 329 1131 esset.
346 1069 487 1149 secutaque
495 1070 668 1151 haruspicum
678 1074 820 1152 interpre·

216 1161 303 1231 tnti03
324 1157 433 1236 ‘parari
445 1178 533 1215 rerum
543 1160 727 1216 humanarum
745 1160 821 1219 aliud

216 1245 336 1323 ‘caput,
356 1242 399 1303 sed
418 1265 477 1302 non
497 1242 556 1302 fore
572 1243 707 1316 validum,
725 1267 821 1324 neque

218 1330 229 1364 ‘
241 1331 380 1412 occultum
390 1352 397 1388 :
407 1332 471 1407 quia
480 1332 508 1387 in
517 1345 596 1389 utero
606 1329 816 1407 repressum,aut

216 1416 290 1475 ‘iter
299 1418 382 1491 juxta
391 1416 493 1474 editum
504 1415 558 1475 fit.'
602 1423 702 1473 Ineunt
713 1416 848 1495 deinde48

216 1502 478 1563 consulatumSilius
490 1510 618 1576 Nervam
626 1504 740 1560 Atticus
749 1502 820 1563 Ves-

216 1592 302 1663 tinus,
318 1604 416 1668 coepta
428 1588 504 1648 simul
521 1605 548 1648 et
565 1593 639 1648 ausia
653 1589 819 1664 conjurati·

217 1696 284 1750 one,
304 1677 333 1734 in
353 1696 436 1755 quam
457 1680 579 1734 certatim
597 1676 713 1734 nomina
732 1675 818 1735 dede-

217 1779 293 1838 rent,
311 1760 460 1835 senatores,
478 1783 572 1840 eques,
591 1761 683 1834 miles,
696 1761 818 1820 feminae

217 1851 309 1921 etiam,
319 1870 380 1907 cum
391 1848 458 1907 odio
467 1851 599 1922 Neronis,
613 1863 670 1905 tum
680 1846 779 1907 favore
787 1851 817 1907 in

218 1941 252 1996 C.
263 1934 399 1994 Pisonem.
424 1936 449 1992 is
458 1934 606 2012 Calpurnio
616 1954 716 2016 genere
726 1951 818 2008 ortus,

216 2041 249 2079 ac
264 2022 363 2080 multas
381 2019 551 2099 insignesque
567 2020 684 2077 familias
701 2039 818 2098 paterna

216 2106 363 2165 nobilitate
383 2107 556 2186 complexus,
576 2106 652 2166 claro
664 2107 736 2184 apud
754 2107 817 2164 vul·

217 2211 281 2268 gum
293 2210 402 2251 rumore
415 2212 483 2266 erat,
498 2212 546 2271 per
556 2193 689 2251 virtutem
701 2208 748 2249 aut
759 2190 818 2270 spe·

216 2279 272 2336 cies
284 2278 431 2337 vittutibus
447 2279 556 2339 slmiles.
586 2299 706 2355 namque
718 2276 818 2336 facun-

215 2364 289 2424 diam
301 2363 411 2425 tuendis
421 2367 529 2428 civibus
541 2366 697 2442 exercebat,
710 2363 817 2442 largiti·
