1767 3000
171 163 550 211 ennarrnntrmrv.
610 152 673 234 189'

74 246 207 329 virisque,
226 247 471 310 intercursantibus
490 252 616 311 feminiae
639 255 671 313 in

75 337 189 395 modum
201 340 354 411 Furiarum,
365 336 436 397 vesle
446 336 534 411 ferali,
546 339 671 398 crinibus

74 422 199 500 dejeelis,
206 423 278 482 sacer
286 423 481 502 praeferebant.
495 424 672 503 Druidaeque

74 511 189 579 circum,
206 529 299 589 preces
309 509 380 567 diras
392 509 503 568 sublatis
519 509 554 569 ad
561 512 669 572 eoelum

74 598 204 655 manibus
219 595 378 668 fundentes,
402 598 531 653 novitate
548 595 669 674 asperius

75 682 215 760 perculere
232 682 342 752 milites,
359 695 390 737 ut
406 675 481 756 quast
497 683 671 742 haerentibus

74 769 218 838 membris,
233 765 373 824 immobile
390 785 492 844 corpus
511 766 671 828 vulneribus

74 854 247 932 praeberent.
261 851 670 927 deincohortationibuaducit,
694 854 698 862 ’

74 955 102 997 nt
118 938 144 998 se
153 936 387 1017 ipfistimulantes,
404 959 439 996 ne
451 937 581 996 muliebre
590 955 618 997 et
629 938 670 998 sa·

73 1027 196 1084 naticum
216 1045 315 1101 agmen
335 1022 520 1102 pavescerent,
545 1024 670 1085 inferunt

74 1110 160 1187 figna,
177 1110 356 1186 sternuntque
372 1111 484 1180 obvios,
503 1125 532 1167 et
548 1112 606 1186 igni
620 1110 670 1170 suo

74 1195 238 1258 involvunt.
266 1193 423 1271 praefidium
437 1192 546 1273 pollhac
561 1195 671 1274 impofi·

74 1298 135 1340 tum
148 1283 239 1354 vitiis,
254 1277 389 1358 excisique
402 1280 468 1350 luci,
485 1277 570 1339 saevis
579 1279 669 1359 supcr-

74 1367 232 1427 stitionibus
248 1366 334 1438 sacri;
361 1387 426 1425 nam
447 1387 544 1425 cruore
557 1370 670 1447 captivo

75 1455 264 1529 adolerearas,
276 1468 303 1513 et
311 1455 453 1513 hominum
461 1453 536 1512 libris
544 1454 668 1515 consule·

74 1562 104 1600 re
114 1541 233 1601 deoafaa
244 1543 388 1600 habebant.
413 1543 480 1600 haec
495 1544 588 1617 agenti
603 1549 669 1600 Sne·
685 1550 698 1595 ⁸.

74 1631 167 1700 tonio,
187 1629 355 1705 ‘repentina
370 1626 488 1685 defccl'ro
500 1628 669 1705 provinciae'

36 1713 234 1787 31nuntiatur.
264 1717 324 1768 Rex
334 1718 481 1768 Icenorum
494 1711 669 1787 Prasutagus,

75 1799 160 1873 lunga
171 1796 312 1874 opulentia
319 1797 419 1866 clarus,
431 1794 670 1854 Caesaremhaere·

75 1883 138 1942 dem
150 1879 269 1960 duasque
280 1879 350 1939 filias
366 1878 519 1959 scripserat,
531 1881 579 1939 tali
592 1879 670 1940 obse·

75 1972 144 2049 quio
153 1983 228 2027 ratus
236 1988 351 2045 regnum
363 1982 390 2025 et
398 1967 511 2026 domum
522 1966 594 2026 suam
603 1988 669 2046 pro·

75 2056 121 2114 cul
130 2055 231 2132 injuria
241 2053 317 2114 fore:
329 2053 405 2132 quod
414 2069 512 2112 eontra
522 2056 622 2127 vertit3
639 2075 669 2113 a·

75 2141 129 2201 deo
137 2156 169 2199 ut
182 2161 295 2217 regnum
306 2161 354 2219 per
368 2141 557 2215 centuriones,
568 2140 669 2203 domur

76 2247 123 2306 per
130 2226 319 2303 servor,velut
328 2242 408 2307 capta
418 2223 594 2286 vastarentur.
608 2228 669 2303 jam

76 2316 194 2392 primum
207 2335 280 2373 uxor
291 2316 351 2392 ejus
361 2313 503 2372 Boudicca
510 2315 669 2373 verberibus

76 2398 180 2474 assecla,
198 2416 226 2459 et
248 2401 321 2458 filiae
343 2400 435 2480 stupro
460 2399 578 2458 violatae
592 2396 666 2456 sunt.

76 2485 215 2566 praecipui
223 2490 324 2568 quique
336 2493 494 2563 Icenorum,
504 2481 576 2564 quali
584 2502 670 2543 cunc·
