1767 3000
96 163 101 172 ·
167 139 378 181 nnunurun
400 139 466 181 uin.
483 139 541 179 xv.
606 120 672 198 289

80 221 182 282 ‘lnille
201 224 240 281 ait
265 241 317 300 pro
340 221 428 300 epulis
453 218 673 280 consularibus.'

38 311 157 385 70Exin
170 315 210 368 ll.
222 310 330 366 Annaei
342 310 447 366 Lucani
460 306 569 365 caedem
585 309 672 385 impe·

78 411 132 455 rat,
154 397 179 453 is
192 394 346 473 profluente
363 392 505 470 sanguine,
517 396 562 451 ubi
579 391 672 471 friges·

77 501 139 542 cere
153 481 235 558 pedes
255 479 416 558 manusque,
440 496 467 537 et
487 480 619 558 paulatim
636 482 671 538 ab

75 566 310 626 extremiscedere
320 565 456 643 spiritum,
468 566 575 623 fervido
583 565 672 626 adhuc

76 668 244 729 etcompote
251 653 350 708 mentis
358 655 467 729 peelore
476 650 616 727 intelligit;
628 672 672 710 re·

75 738 207 799 cordatus
218 756 328 796 carmen
341 757 357 794 a
371 735 397 794 se
408 735 601 815 compositum,
614 757 672 816 quo

74 827 252 885 vulneratum
265 825 380 882 militem
393 842 441 901 per
452 821 585 899 ejusmodi
597 843 672 883 mor·

73 914 112 971 tis
128 913 274 988 imaginem
294 908 387 968 obiille
400 909 558 981 tradiderat,
577 910 671 970 versus

72 997 149 1076 ipsos
162 996 268 1056 rettulit
282 1018 291 1068 ς
314 1016 400 1075 eaque
419 997 459 1053 illi
472 993 594 1074 suprema
610 1017 670 1056 vox

74 1085 139 1146 fuit.
164 1082 671 1163 Seneciopollhac,etQuintianus,et

73 1171 220 1247 Scevinus,
235 1190 293 1229 non
303 1190 339 1228 ex
352 1171 444 1248 priore
456 1170 530 1227 vitae
541 1169 670 1243 mollitia,

73 1279 145 1319 mox
157 1258 254 1336 reliqui
264 1257 470 1333 conjuratorum
483 1256 595 1332 periere,
607 1256 669 1314 nul·

36 1347 108 1417 71lo
116 1345 188 1404 fatto
196 1344 304 1404 ditiore
316 1342 507 1402 memorando,
531 1340 580 1398 Sed
590 1362 668 1400 com·

72 1432 144 1514 pleri
159 1432 268 1489 interim
284 1432 351 1489 urbs
365 1428 520 1503 funeribus,
533 1429 668 1507 Capitoli·

72 1542 121 1580 um
132 1520 265 1577 victimis:
283 1517 351 1574 alius
359 1516 429 1590 filiu,
439 1515 522 1573 fratre
530 1515 610 1589 alius,
621 1530 671 1574 aut

71 1608 248 1687 propinquo,
263 1601 576 1675 autamicointerfeetis,
589 1622 669 1678 agere

71 1704 166 1769 grates
180 1687 249 1759 deis,
265 1705 366 1743 ornare
381 1686 458 1742 lauru
477 1685 601 1758 domum,
619 1707 669 1764 ge-

72 1795 131 1835 nua
152 1769 233 1850 ipsius
249 1769 372 1843 advolvi,
390 1787 417 1828 et
431 1769 556 1828 dextram
569 1769 669 1832 osculis

69 1863 200 1937 fatigare.
222 1872 303 1937 atque
314 1855 498 1935 illegaudinm
507 1856 533 1913 id
542 1857 669 1932 credens,

70 1947 196 2007 Antonii
209 1944 316 2003 Natalis
328 1958 356 2001 et
364 1943 487 2001 Cervarii
500 1944 608 2002 Proculi
618 1944 669 2003 ses·

70 2038 164 2094 tinata
173 2029 273 2090 indicia
285 2031 449 2108 impunitate
461 2046 647 2091 remuneratur
657 2052 668 2091 s

70 2120 204 2183 Milichus
215 2116 342 2194 praemiis
353 2114 468 2188 ditatus,
482 2114 669 2176 Conservato-

69 2209 111 2266 ris
123 2204 171 2263 sibi
183 2223 286 2261 nomen
299 2207 406 2260 Graeco
415 2202 475 2278 ejus
483 2205 522 2260 rei
530 2204 668 2263 vocabulo

69 2288 220 2368 allumpln.
242 2289 388 2347 etribunis
405 2291 528 2347 Granius
541 2291 668 2347 Silvanus

69 2379 202 2458 quamvis
218 2374 370 2449 absolutus,
390 2373 435 2433 sua
451 2395 533 2434 manu
550 2373 667 2432 ceciditr

69 2466 175 2526 Statius
187 2463 333 2547 Proximus
349 2464 458 2522 veniam
474 2480 556 2541 quam
569 2460 602 2518 ab
616 2461 668 2519 im·
707 2479 711 2487 ·

116 2555 146 2611 T
150 2568 208 2609 on.
225 2567 262 2608 n.
396 2552 425 2606 N
