1767 3000
212 146 276 215 292
310 144 711 194 neonntnurrctnr

211 237 288 315 vulgi
300 250 409 291 rumore
417 231 596 301 lacerabatur,
605 229 613 259 ‘
623 242 769 307 tanquam
778 232 828 291 vi·

214 325 225 357 ‘
236 343 283 382 ros
292 338 318 379 et
327 317 448 377 insontes
456 321 493 375 ob
502 315 634 375 invidiam
643 329 693 373 aut
705 332 826 378 metum

215 404 427 468 ‘exstinxisset'
447 418 568 464 ceterum
577 397 720 480 coeptam,
735 403 825 463 adul·

211 511 322 574 tamque
337 506 365 550 et
377 494 506 550 revictam
521 488 754 564 conjurationem
768 511 822 550 ne·

210 601 265 662 que
273 596 341 639 tunc
349 577 626 655 dubitavere‚'quibut
635 595 740 634 verum
751 575 819 635 nos·

211 667 293 729 cendi
305 680 450 736 cumeram
466 682 493 721 et
502 662 622 720 farentur
634 663 683 740 qui
697 661 765 741 post
774 666 817 721 in·

211 753 323 815 teritum
336 754 458 813 Neronis
470 752 499 807 in
512 751 606 807 urbem
618 748 730 824 regreffi
742 747 815 809 sunt.

211 856 241 901 ut
252 842 281 900 in
290 839 384 900 senatu
396 838 502 897 cunetis
510 849 541 892 ut
549 835 648 913 cuique
659 834 816 912 plurimum

211 927 383 988 moeroritin
393 924 578 982 adulationem
587 920 721 996 demissis,
734 924 815 999 Juni-

211 1034 258 1072 um
268 1010 425 1070 Gallionem
433 1016 550 1068 Senecae
558 1006 652 1065 fratris
661 1022 816 1088 mortepa·

210 1097 319 1173 vidum,
335 1111 363 1155 et
375 1117 428 1176 pro
442 1093 488 1154 sua
499 1093 694 1153 incolumitate
709 1092 814 1174 suppli·

212 1206 283 1260 cern,
296 1185 432 1263 increpuit
444 1182 563 1241 Salienus
575 1178 719 1255 Clemens,
733 1179 813 1241 ‘hos-

211 1271 286 1333 ‘tem
294 1286 322 1330 et
330 1268 629 1349 parricidam'vocans:
640 1265 738 1327 donec
746 1290 813 1328 con·

210 1356 289 1418 sensu
302 1372 410 1436 patrum
426 1356 572 1414 deterritus
587 1346 634 1427 esti
646 1353 656 1383 ‘
670 1372 709 1411 ne
722 1355 813 1434 publi·

211 1443 274 1504 ‘cis
287 1441 366 1503 malie
378 1443 454 1502 abuti
468 1441 502 1499 ad
517 1437 692 1501 occasionem
710 1443 812 1521 privati

212 1530 292 1589 ‘odii
302 1528 450 1601 videretur,
463 1548 517 1586 neu
534 1525 689 1606 composita
703 1544 757 1587 aut
766 1532 811 1588 ob·

210 1615 352 1675 ‘litteram
377 1612 585 1674 mansuetudine
606 1614 748 1693 principis
764 1636 811 1675 no·

212 1703 224 1738 ‘
239 1724 302 1763 vam
313 1702 346 1762 ad
361 1701 500 1761 saeuitiam
513 1702 687 1759 retraheret?
735 1709 830 1772 Tunu

211 1790 322 1852 decreta
333 1789 343 1821 ‘
354 1788 430 1848 dona
440 1803 469 1846 et
478 1786 644 1865 gratesdeis'
655 1785 808 1848 decernun-

211 1892 270 1952 tur,
282 1872 480 1956 ‘proptiusque
488 1878 578 1932 honos
588 1871 655 1948 Soli,
664 1874 712 1931 cui
720 1874 808 1935 estre·

211 1962 223 1995 ‘
238 1979 282 2022 tut
303 1963 382 2022 aedes
405 1961 477 2041 apud
490 1962 611 2029 Circum,
632 1962 661 2016 in
674 1978 737 2038 quo
750 1961 807 2020 faci·

212 2049 223 2082 ‘
239 2069 291 2107 nur
306 2051 463 2127 parabatur,
475 2046 523 2125 qui
535 2045 644 2105 occulta
656 2047 808 2122 conjurati·

212 2136 223 2168 ‘
236 2136 433 2208 onis,numine
441 2131 592 2192 retexisset:
603 2147 689 2209 utque
697 2135 808 2194 Circen·

213 2221 224 2256 ‘
238 2220 304 2281 fiunt
326 2221 479 2278 Cerealium
496 2217 628 2278 ludicrum
642 2214 770 2297 pluribus
784 2240 810 2276 e·

211 2307 225 2342 ‘
237 2327 353 2387 quorum
365 2304 486 2365 cursibus
494 2303 692 2364 celebraretur:
702 2302 811 2364 mensis·

212 2394 224 2427 ‘
236 2414 291 2471 que
297 2393 531 2473 AprilirNeronis
541 2405 761 2466 cognomentum
770 2411 813 2451 ac·

208 2476 353 2558 feiperet:
376 2477 509 2560 templum
520 2474 815 2554 Salutierrstrueretur,
