1767 3000
609 189 674 263 223

124 457 626 536 ANNALIUM

184 647 280 696 LIBRI
295 647 569 708 QUINTI-DECIMI

157 802 604 860 BREVIARIUM.

83 1051 214 1118 Vologeses
223 1054 366 1103 Parthorum
375 1070 417 1101 rex
427 1054 564 1102 Armeniam
580 1052 681 1116 invadit;

122 1146 194 1195 quem
205 1130 311 1179 Corbulo
327 1134 397 1188 caute
406 1142 430 1177 et
440 1142 520 1178 tamen
535 1130 631 1180 fortiter
640 1148 677 1179 re-

124 1205 214 1271 prcll'tt.
233 1206 271 1256 sed
284 1206 412 1255 Caesonius
425 1209 508 1253 Paetus
524 1204 591 1254 millu
602 1209 680 1255 Nero-

125 1282 682 1349 nismoxsupervenit‚proptiusArmeniaetu·

125 1362 199 1408 cudae
209 1361 266 1410 dux.
286 1362 307 1409 is
322 1361 443 1424 imperitia
451 1370 475 1408 et
484 1360 621 1409 temeritate
629 1378 681 1411 rem

125 1438 239 1503 perdilit:
254 1441 317 1504 turpi
333 1434 429 1487 foedere
444 1453 499 1486 cum
518 1436 583 1487 hoste
596 1439 682 1505 tlepttc⁴

125 1526 174 1564 tur.
204 1517 310 1567 Corbulo
319 1517 341 1566 ei
350 1530 431 1565 tamen
446 1515 484 1564 sed
496 1520 546 1566 lero
556 1519 680 1567 succurrit.

125 1595 220 1642 Neroni
237 1593 284 1642 lilia
293 1611 323 1642 ex
340 1596 449 1657 Poppaea
458 1594 571 1650 nascitur.
585 1611 633 1643 nou
645 1596 681 1643 vi-

125 1669 191 1718 talis.
220 1668 292 1733 legati
310 1669 453 1716 Parthorum
467 1673 570 1718 Romam
587 1687 682 1728 venete.

124 1743 193 1808 super
203 1745 317 1793 Armenia
325 1745 465 1803 retinenda;
475 1746 538 1793 irriti
554 1747 683 1795 remittun-

129 1832 180 1869 tur:
198 1833 223 1868 et
234 1818 324 1868 bellum
343 1819 474 1867 Corbuloni
490 1821 637 1884 permiffum.
663 1824 684 1870 is

126 1897 267 1947 Armeniam
276 1898 363 1945 iterum
373 1896 473 1952 invadit,
481 1906 506 1946 et
513 1908 579 1946 metu
589 1899 685 1948 Parthie

128 1974 226 2038 injecto,
236 1973 264 2022 ad
272 1972 416 2039 colloquium
427 1985 536 2024 rentum.
547 1973 637 2040 placuit
645 1992 684 2024 ar·

129 2068 170 2101 ma
189 2052 254 2116 poni,
274 2062 299 2099 et
316 2051 453 2099 Tiridatem
474 2051 581 2101 diadema
597 2052 685 2108 llatuaa

128 2130 236 2180 Neronis
250 2128 397 2184 submittere,
415 2143 460 2174 nec
473 2128 515 2177 nist
529 2129 613 2195 sponte
632 2133 685 2197 ejus

129 2205 256 2256 resumere.
280 2208 345 2254 Nero
364 2204 466 2269 Neapoli
483 2209 594 2256 cantatio
605 2209 684 2271 publi·

129 2301 172 2333 co:
190 2287 281 2333 Romae
291 2281 350 2331 luxu
358 2295 381 2330 et
390 2282 488 2330 libidine
498 2287 580 2332 omnia
588 2283 686 2348 polluit.

130 2358 178 2426 ipsa
188 2361 244 2409 urbs
259 2361 324 2409 ardet
338 2360 401 2415 casu,
418 2357 465 2407 stve
483 2362 598 2425 Principis
612 2360 685 2421 dolo;

131 2437 285 2502 quiiuruiuis
294 2439 345 2502 ejus
355 2438 478 2501 ingentem
488 2438 687 2487 sibidornurnett·

132 2514 226 2562 struxit.
248 2515 375 2564 Christiani
384 2515 449 2561 abeo
459 2514 574 2583 exagitati
584 2525 608 2564 et
616 2529 687 2567 neca·

367 2608 437 2667 Kt
