<?xml version="1.0" encoding="UTF-8"?>
<!DOCTYPE html PUBLIC "-//W3C//DTD XHTML 1.0 Transitional//EN"
    "http://www.w3.org/TR/xhtml1/DTD/xhtml1-transitional.dtd">
<html xmlns="http://www.w3.org/1999/xhtml" xml:lang="en" lang="en">
 <head>
  <title>
</title>
<meta http-equiv="Content-Type" content="text/html;charset=utf-8" />
  <meta name='ocr-system' content='tesseract 3.04.00' />
  <meta name='ocr-capabilities' content='ocr_page ocr_carea ocr_par ocr_line ocrx_word'/>
</head>
<body>
  <div class='ocr_page' id='page_1' title='image "./ccorneliitaciti03grongoog_0323.png"; bbox 0 0 1767 3000; ppageno 0'>
   <div class='ocr_carea' id='block_1_1' title="bbox 242 89 725 166">
    <p class='ocr_par' dir='ltr' id='par_1_1' title="bbox 242 89 725 166">
     <span class='ocr_line' id='line_1_1' title="bbox 242 89 725 166; baseline 0 -18"><span class='ocrx_word' id='word_1_1' title='bbox 242 103 601 148; x_wconf 66' lang='lat' dir='ltr'>nnuntrunmmv.</span> <span class='ocrx_word' id='word_1_2' title='bbox 663 89 725 166; x_wconf 83' lang='lat'>283</span> 
     </span>
    </p>
   </div>
   <div class='ocr_carea' id='block_1_2' title="bbox 79 187 862 2510">
    <p class='ocr_par' dir='ltr' id='par_1_2' title="bbox 79 187 862 2510">
     <span class='ocr_line' id='line_1_2' title="bbox 131 187 727 262; baseline -0.002 -16"><span class='ocrx_word' id='word_1_3' title='bbox 131 187 270 247; x_wconf 83' lang='lat' dir='ltr'>‘tinatanr</span> <span class='ocrx_word' id='word_1_4' title='bbox 290 192 422 248; x_wconf 88' lang='lat' dir='ltr'>mortem²</span> <span class='ocrx_word' id='word_1_5' title='bbox 436 187 586 262; x_wconf 80' lang='lat' dir='ltr'>adseverat,</span> <span class='ocrx_word' id='word_1_6' title='bbox 601 207 727 246; x_wconf 87' lang='lat' dir='ltr'>manum·</span> 
     </span>
     <span class='ocr_line' id='line_1_3' title="bbox 127 273 728 354; baseline -0.003 -22"><span class='ocrx_word' id='word_1_7' title='bbox 127 294 186 352; x_wconf 91' lang='lat' dir='ltr'>que</span> <span class='ocrx_word' id='word_1_8' title='bbox 205 273 364 354; x_wconf 86' lang='lat' dir='ltr'>percussoris</span> <span class='ocrx_word' id='word_1_9' title='bbox 380 273 515 354; x_wconf 77' lang='lat' dir='ltr'>exposcit.</span> <span class='ocrx_word' id='word_1_10' title='bbox 553 289 612 333; x_wconf 89' lang='lat' dir='ltr'>tum</span> <span class='ocrx_word' id='word_1_11' title='bbox 627 281 728 332; x_wconf 81' lang='lat' dir='ltr'>Seneca</span> 
     </span>
     <span class='ocr_line' id='line_1_4' title="bbox 88 360 726 440; baseline -0.002 -22"><span class='ocrx_word' id='word_1_12' title='bbox 88 393 94 396; x_wconf 96' lang='lat'>·</span> <span class='ocrx_word' id='word_1_13' title='bbox 126 361 235 436; x_wconf 86' lang='lat' dir='ltr'>gloriae</span> <span class='ocrx_word' id='word_1_14' title='bbox 246 364 372 440; x_wconf 86' lang='lat' dir='ltr'>ejusnon</span> <span class='ocrx_word' id='word_1_15' title='bbox 382 361 522 432; x_wconf 82' lang='lat' dir='ltr'>adversus,</span> <span class='ocrx_word' id='word_1_16' title='bbox 536 360 726 433; x_wconf 84' lang='lat' dir='ltr'>fimulamore,</span> 
     </span>
     <span class='ocr_line' id='line_1_5' title="bbox 128 445 727 525; baseline -0.002 -20"><span class='ocrx_word' id='word_1_17' title='bbox 128 468 166 506; x_wconf 89' lang='lat' dir='ltr'>ne</span> <span class='ocrx_word' id='word_1_18' title='bbox 174 446 222 506; x_wconf 84' lang='lat' dir='ltr'>fibi</span> <span class='ocrx_word' id='word_1_19' title='bbox 242 450 322 507; x_wconf 85' lang='lat' dir='ltr'>unice</span> <span class='ocrx_word' id='word_1_20' title='bbox 334 450 460 508; x_wconf 75' lang='lat' dir='ltr'>diledlam</span> <span class='ocrx_word' id='word_1_21' title='bbox 472 449 506 507; x_wconf 88' lang='lat' dir='ltr'>ad</span> <span class='ocrx_word' id='word_1_22' title='bbox 518 449 634 525; x_wconf 83' lang='lat' dir='ltr'>injurias</span> <span class='ocrx_word' id='word_1_23' title='bbox 646 445 727 505; x_wconf 88' lang='lat' dir='ltr'>relin-</span> 
     </span>
     <span class='ocr_line' id='line_1_6' title="bbox 126 534 724 612; baseline -0.002 -22"><span class='ocrx_word' id='word_1_24' title='bbox 126 549 251 610; x_wconf 82' lang='lat' dir='ltr'>queret:</span> <span class='ocrx_word' id='word_1_25' title='bbox 275 534 284 565; x_wconf 94' lang='lat'>‘</span> <span class='ocrx_word' id='word_1_26' title='bbox 305 539 396 606; x_wconf 85' lang='lat' dir='ltr'>vitae,</span> <span class='ocrx_word' id='word_1_27' title='bbox 418 536 521 612; x_wconf 87' lang='lat' dir='ltr'>inquit,</span> <span class='ocrx_word' id='word_1_28' title='bbox 544 534 724 593; x_wconf 86' lang='lat' dir='ltr'>delinimenta</span> 
     </span>
     <span class='ocr_line' id='line_1_7' title="bbox 133 618 725 690; baseline -0.002 -14"><span class='ocrx_word' id='word_1_29' title='bbox 133 618 372 678; x_wconf 78' lang='lat' dir='ltr'>‘monstraveram</span> <span class='ocrx_word' id='word_1_30' title='bbox 387 622 452 690; x_wconf 88' lang='lat' dir='ltr'>tibi,</span> <span class='ocrx_word' id='word_1_31' title='bbox 474 634 503 675; x_wconf 93' lang='lat' dir='ltr'>tu</span> <span class='ocrx_word' id='word_1_32' title='bbox 524 620 622 677; x_wconf 82' lang='lat' dir='ltr'>mortis</span> <span class='ocrx_word' id='word_1_33' title='bbox 641 619 725 677; x_wconf 79' lang='lat' dir='ltr'>decus</span> 
     </span>
     <span class='ocr_line' id='line_1_8' title="bbox 129 702 726 782; baseline 0 -20"><span class='ocrx_word' id='word_1_34' title='bbox 129 702 139 735; x_wconf 88' lang='lat'>‘</span> <span class='ocrx_word' id='word_1_35' title='bbox 156 706 244 763; x_wconf 83' lang='lat' dir='ltr'>mavis</span> <span class='ocrx_word' id='word_1_36' title='bbox 253 726 334 776; x_wconf 82' lang='lat' dir='ltr'>;.non</span> <span class='ocrx_word' id='word_1_37' title='bbox 344 705 476 764; x_wconf 88' lang='lat' dir='ltr'>invidebo</span> <span class='ocrx_word' id='word_1_38' title='bbox 484 704 622 782; x_wconf 85' lang='lat' dir='ltr'>exemplo.</span> <span class='ocrx_word' id='word_1_39' title='bbox 634 702 666 762; x_wconf 86' lang='lat' dir='ltr'>fit</span> <span class='ocrx_word' id='word_1_40' title='bbox 674 708 726 762; x_wconf 93' lang='lat' dir='ltr'>hu·</span> 
     </span>
     <span class='ocr_line' id='line_1_9' title="bbox 129 789 724 868; baseline 0.002 -21"><span class='ocrx_word' id='word_1_41' title='bbox 129 789 140 821; x_wconf 90' lang='lat'>‘</span> <span class='ocrx_word' id='word_1_42' title='bbox 156 791 203 867; x_wconf 81' lang='lat' dir='ltr'>jus</span> <span class='ocrx_word' id='word_1_43' title='bbox 212 807 268 850; x_wconf 87' lang='lat' dir='ltr'>tam</span> <span class='ocrx_word' id='word_1_44' title='bbox 278 791 357 851; x_wconf 86' lang='lat' dir='ltr'>fortis</span> <span class='ocrx_word' id='word_1_45' title='bbox 370 794 462 850; x_wconf 87' lang='lat' dir='ltr'>exitus</span> <span class='ocrx_word' id='word_1_46' title='bbox 474 789 627 850; x_wconf 88' lang='lat' dir='ltr'>constantia</span> <span class='ocrx_word' id='word_1_47' title='bbox 640 809 724 868; x_wconf 78' lang='lat' dir='ltr'>penes</span> 
     </span>
     <span class='ocr_line' id='line_1_10' title="bbox 130 874 739 958; baseline 0.002 -26"><span class='ocrx_word' id='word_1_48' title='bbox 130 874 281 955; x_wconf 79' lang='lat' dir='ltr'>‘utrosque</span> <span class='ocrx_word' id='word_1_49' title='bbox 296 899 353 957; x_wconf 92' lang='lat' dir='ltr'>par,</span> <span class='ocrx_word' id='word_1_50' title='bbox 372 878 543 937; x_wconf 81' lang='lat' dir='ltr'>claritudinis</span> <span class='ocrx_word' id='word_1_51' title='bbox 556 877 616 956; x_wconf 89' lang='lat' dir='ltr'>plus</span> <span class='ocrx_word' id='word_1_52' title='bbox 628 878 658 935; x_wconf 92' lang='lat' dir='ltr'>in</span> <span class='ocrx_word' id='word_1_53' title='bbox 676 891 739 958; x_wconf 23' lang='lat' dir='ltr'>tuo·</span> 
     </span>
     <span class='ocr_line' id='line_1_11' title="bbox 128 962 726 1042; baseline 0 -22"><span class='ocrx_word' id='word_1_54' title='bbox 128 962 138 993; x_wconf 90' lang='lat'>‘</span> <span class='ocrx_word' id='word_1_55' title='bbox 151 962 227 1022; x_wconf 70' lang='lat' dir='ltr'>fine!</span> <span class='ocrx_word' id='word_1_56' title='bbox 240 965 299 1040; x_wconf 90' lang='lat' dir='ltr'>post</span> <span class='ocrx_word' id='word_1_57' title='bbox 308 986 378 1042; x_wconf 87' lang='lat' dir='ltr'>quae</span> <span class='ocrx_word' id='word_1_58' title='bbox 387 965 482 1023; x_wconf 87' lang='lat' dir='ltr'>eodem</span> <span class='ocrx_word' id='word_1_59' title='bbox 491 967 544 1023; x_wconf 72' lang='lat' dir='ltr'>ictu</span> <span class='ocrx_word' id='word_1_60' title='bbox 554 962 726 1023; x_wconf 84' lang='lat' dir='ltr'>brachiafer·</span> 
     </span>
     <span class='ocr_line' id='line_1_12' title="bbox 129 1048 727 1128; baseline 0.003 -23"><span class='ocrx_word' id='word_1_61' title='bbox 129 1067 164 1105; x_wconf 81' lang='lat' dir='ltr'>to</span> <span class='ocrx_word' id='word_1_62' title='bbox 176 1048 335 1109; x_wconf 85' lang='lat' dir='ltr'>exsolvunt.</span> <span class='ocrx_word' id='word_1_63' title='bbox 370 1058 484 1124; x_wconf 83' lang='lat' dir='ltr'>Seneca,</span> <span class='ocrx_word' id='word_1_64' title='bbox 496 1052 627 1128; x_wconf 86' lang='lat' dir='ltr'>quoniam</span> <span class='ocrx_word' id='word_1_65' title='bbox 643 1048 727 1107; x_wconf 88' lang='lat' dir='ltr'>senile</span> 
     </span>
     <span class='ocr_line' id='line_1_13' title="bbox 130 1134 726 1213; baseline 0.003 -22"><span class='ocrx_word' id='word_1_66' title='bbox 130 1153 233 1212; x_wconf 79' lang='lat' dir='ltr'>corpus</span> <span class='ocrx_word' id='word_1_67' title='bbox 250 1149 278 1192; x_wconf 89' lang='lat' dir='ltr'>et</span> <span class='ocrx_word' id='word_1_68' title='bbox 293 1155 376 1213; x_wconf 89' lang='lat' dir='ltr'>parco</span> <span class='ocrx_word' id='word_1_69' title='bbox 392 1138 466 1193; x_wconf 74' lang='lat' dir='ltr'>vidtu</span> <span class='ocrx_word' id='word_1_70' title='bbox 488 1149 647 1206; x_wconf 87' lang='lat' dir='ltr'>tenuatum,</span> <span class='ocrx_word' id='word_1_71' title='bbox 666 1134 726 1193; x_wconf 86' lang='lat' dir='ltr'>len·</span> 
     </span>
     <span class='ocr_line' id='line_1_14' title="bbox 131 1218 727 1299; baseline 0.003 -22"><span class='ocrx_word' id='word_1_72' title='bbox 131 1234 161 1277; x_wconf 84' lang='lat' dir='ltr'>ta</span> <span class='ocrx_word' id='word_1_73' title='bbox 179 1218 279 1299; x_wconf 85' lang='lat' dir='ltr'>effugia</span> <span class='ocrx_word' id='word_1_74' title='bbox 294 1219 419 1296; x_wconf 85' lang='lat' dir='ltr'>sanguini</span> <span class='ocrx_word' id='word_1_75' title='bbox 439 1221 594 1299; x_wconf 80' lang='lat' dir='ltr'>praebebat,</span> <span class='ocrx_word' id='word_1_76' title='bbox 616 1239 727 1279; x_wconf 83' lang='lat' dir='ltr'>crurum</span> 
     </span>
     <span class='ocr_line' id='line_1_15' title="bbox 128 1304 728 1389; baseline 0 -24"><span class='ocrx_word' id='word_1_77' title='bbox 128 1304 728 1389; x_wconf 71' lang='lat' dir='ltr'>quoqucetpoplitumvenasabrurnpitsae-</span> 
     </span>
     <span class='ocr_line' id='line_1_16' title="bbox 128 1391 727 1471; baseline 0 -20"><span class='ocrx_word' id='word_1_78' title='bbox 128 1391 225 1471; x_wconf 88' lang='lat' dir='ltr'>visque</span> <span class='ocrx_word' id='word_1_79' title='bbox 244 1396 410 1456; x_wconf 83' lang='lat' dir='ltr'>cruciatibus</span> <span class='ocrx_word' id='word_1_80' title='bbox 429 1393 557 1467; x_wconf 87' lang='lat' dir='ltr'>defessus,</span> <span class='ocrx_word' id='word_1_81' title='bbox 577 1414 614 1452; x_wconf 88' lang='lat' dir='ltr'>ne</span> <span class='ocrx_word' id='word_1_82' title='bbox 628 1392 727 1452; x_wconf 87' lang='lat' dir='ltr'>dolore</span> 
     </span>
     <span class='ocr_line' id='line_1_17' title="bbox 127 1475 862 1563; baseline 0 -25"><span class='ocrx_word' id='word_1_83' title='bbox 127 1475 178 1539; x_wconf 87' lang='lat' dir='ltr'>suo</span> <span class='ocrx_word' id='word_1_84' title='bbox 191 1484 314 1542; x_wconf 87' lang='lat' dir='ltr'>animum</span> <span class='ocrx_word' id='word_1_85' title='bbox 331 1484 429 1542; x_wconf 83' lang='lat' dir='ltr'>uxoris</span> <span class='ocrx_word' id='word_1_86' title='bbox 449 1481 623 1559; x_wconf 80' lang='lat' dir='ltr'>infringeret,</span> <span class='ocrx_word' id='word_1_87' title='bbox 643 1497 727 1559; x_wconf 86' lang='lat' dir='ltr'>atque</span> <span class='ocrx_word' id='word_1_88' title='bbox 819 1546 830 1563; x_wconf 83' lang='lat'><strong>.</strong></span> <span class='ocrx_word' id='word_1_89' title='bbox 861 1508 862 1515; x_wconf 45' lang='lat'>¹</span> 
     </span>
     <span class='ocr_line' id='line_1_18' title="bbox 130 1565 728 1645; baseline 0.005 -23"><span class='ocrx_word' id='word_1_90' title='bbox 130 1565 187 1644; x_wconf 88' lang='lat' dir='ltr'>ipse</span> <span class='ocrx_word' id='word_1_91' title='bbox 203 1567 317 1625; x_wconf 87' lang='lat' dir='ltr'>visendo</span> <span class='ocrx_word' id='word_1_92' title='bbox 328 1571 387 1644; x_wconf 84' lang='lat' dir='ltr'>ejus</span> <span class='ocrx_word' id='word_1_93' title='bbox 404 1584 554 1640; x_wconf 84' lang='lat' dir='ltr'>tormenta,</span> <span class='ocrx_word' id='word_1_94' title='bbox 567 1569 601 1626; x_wconf 88' lang='lat' dir='ltr'>ad</span> <span class='ocrx_word' id='word_1_95' title='bbox 617 1569 728 1645; x_wconf 86' lang='lat' dir='ltr'>impati-</span> 
     </span>
     <span class='ocr_line' id='line_1_19' title="bbox 131 1651 726 1725; baseline 0.002 -16"><span class='ocrx_word' id='word_1_96' title='bbox 131 1653 234 1709; x_wconf 83' lang='lat' dir='ltr'>entiam</span> <span class='ocrx_word' id='word_1_97' title='bbox 243 1651 547 1725; x_wconf 83' lang='lat' dir='ltr'>delaberetur,suadet,‘</span> <span class='ocrx_word' id='word_1_98' title='bbox 558 1655 586 1710; x_wconf 91' lang='lat' dir='ltr'>in</span> <span class='ocrx_word' id='word_1_99' title='bbox 595 1652 667 1709; x_wconf 87' lang='lat' dir='ltr'>aliud</span> <span class='ocrx_word' id='word_1_100' title='bbox 678 1673 726 1710; x_wconf 91' lang='lat' dir='ltr'>cu·</span> 
     </span>
     <span class='ocr_line' id='line_1_20' title="bbox 129 1737 725 1815; baseline 0.003 -21"><span class='ocrx_word' id='word_1_101' title='bbox 129 1737 139 1768; x_wconf 84' lang='lat'>‘</span> <span class='ocrx_word' id='word_1_102' title='bbox 156 1738 275 1797; x_wconf 88' lang='lat' dir='ltr'>biculum</span> <span class='ocrx_word' id='word_1_103' title='bbox 284 1737 493 1798; x_wconf 86' lang='lat' dir='ltr'>abscederet.&#39;et</span> <span class='ocrx_word' id='word_1_104' title='bbox 501 1737 644 1795; x_wconf 73' lang='lat' dir='ltr'>novissimo</span> <span class='ocrx_word' id='word_1_105' title='bbox 654 1757 725 1815; x_wconf 89' lang='lat' dir='ltr'>quo·</span> 
     </span>
     <span class='ocr_line' id='line_1_21' title="bbox 131 1822 724 1903; baseline -0.002 -23"><span class='ocrx_word' id='word_1_106' title='bbox 131 1843 184 1902; x_wconf 88' lang='lat' dir='ltr'>que</span> <span class='ocrx_word' id='word_1_107' title='bbox 196 1841 340 1883; x_wconf 87' lang='lat' dir='ltr'>momento</span> <span class='ocrx_word' id='word_1_108' title='bbox 353 1823 541 1903; x_wconf 80' lang='lat' dir='ltr'>suppeditante</span> <span class='ocrx_word' id='word_1_109' title='bbox 554 1822 724 1900; x_wconf 86' lang='lat' dir='ltr'>eloquentia,</span> 
     </span>
     <span class='ocr_line' id='line_1_22' title="bbox 132 1909 724 1989; baseline 0 -23"><span class='ocrx_word' id='word_1_110' title='bbox 132 1910 273 1969; x_wconf 84' lang='lat' dir='ltr'>advocatis</span> <span class='ocrx_word' id='word_1_111' title='bbox 291 1909 481 1989; x_wconf 84' lang='lat' dir='ltr'>scriptoribus,</span> <span class='ocrx_word' id='word_1_112' title='bbox 497 1909 625 1989; x_wconf 84' lang='lat' dir='ltr'>pleraque</span> <span class='ocrx_word' id='word_1_113' title='bbox 639 1909 724 1967; x_wconf 88' lang='lat' dir='ltr'>tradi·</span> 
     </span>
     <span class='ocr_line' id='line_1_23' title="bbox 79 1995 723 2074; baseline 0.008 -23"><span class='ocrx_word' id='word_1_114' title='bbox 79 2000 85 2007; x_wconf 90' lang='lat'><em>&#39;</em></span> <span class='ocrx_word' id='word_1_115' title='bbox 129 1995 723 2074; x_wconf 73' lang='lat' dir='ltr'>dit,&#39;quaeinvulguseditaejusverbis,in&#39;·</span> 
     </span>
     <span class='ocr_line' id='line_1_24' title="bbox 86 2076 724 2161; baseline 0.016 -26"><span class='ocrx_word' id='word_1_116' title='bbox 86 2076 242 2158; x_wconf 89' lang='lat' dir='ltr'>64vertere</span> <span class='ocrx_word' id='word_1_117' title='bbox 253 2082 422 2161; x_wconf 83' lang='lat' dir='ltr'>supersedeo.</span> <span class='ocrx_word' id='word_1_118' title='bbox 459 2092 497 2142; x_wconf 86' lang='lat' dir='ltr'>At</span> <span class='ocrx_word' id='word_1_119' title='bbox 507 2089 595 2158; x_wconf 89' lang='lat' dir='ltr'>Nero,</span> <span class='ocrx_word' id='word_1_120' title='bbox 608 2084 685 2144; x_wconf 90' lang='lat' dir='ltr'>nullo</span> <span class='ocrx_word' id='word_1_121' title='bbox 694 2089 724 2144; x_wconf 90' lang='lat' dir='ltr'>in</span> 
     </span>
     <span class='ocr_line' id='line_1_25' title="bbox 130 2169 724 2250; baseline 0.008 -24"><span class='ocrx_word' id='word_1_122' title='bbox 130 2170 281 2227; x_wconf 86' lang='lat' dir='ltr'>Paullinarn</span> <span class='ocrx_word' id='word_1_123' title='bbox 295 2171 408 2246; x_wconf 84' lang='lat' dir='ltr'>proprio</span> <span class='ocrx_word' id='word_1_124' title='bbox 416 2169 494 2240; x_wconf 89' lang='lat' dir='ltr'>odio,</span> <span class='ocrx_word' id='word_1_125' title='bbox 512 2192 543 2230; x_wconf 89' lang='lat' dir='ltr'>ac</span> <span class='ocrx_word' id='word_1_126' title='bbox 556 2193 591 2230; x_wconf 91' lang='lat' dir='ltr'>ne</span> <span class='ocrx_word' id='word_1_127' title='bbox 599 2171 724 2250; x_wconf 85' lang='lat' dir='ltr'>glisceret</span> 
     </span>
     <span class='ocr_line' id='line_1_26' title="bbox 131 2255 754 2331; baseline 0.006 -19"><span class='ocrx_word' id='word_1_128' title='bbox 131 2256 234 2314; x_wconf 88' lang='lat' dir='ltr'>invidia</span> <span class='ocrx_word' id='word_1_129' title='bbox 255 2255 437 2331; x_wconf 83' lang='lat' dir='ltr'>crudelitatis,</span> <span class='ocrx_word' id='word_1_130' title='bbox 458 2258 578 2317; x_wconf 88' lang='lat' dir='ltr'>inhibere</span> <span class='ocrx_word' id='word_1_131' title='bbox 593 2276 721 2318; x_wconf 57' lang='lat' dir='ltr'>mortem«.</span> <span class='ocrx_word' id='word_1_132' title='bbox 741 2316 754 2323; x_wconf 66' lang='grc'><em>,</em></span> 
     </span>
     <span class='ocr_line' id='line_1_27' title="bbox 131 2343 724 2422; baseline 0.007 -24"><span class='ocrx_word' id='word_1_133' title='bbox 131 2344 305 2413; x_wconf 72' lang='lat' dir='ltr'>hortantibus</span> <span class='ocrx_word' id='word_1_134' title='bbox 323 2343 469 2419; x_wconf 82' lang='lat' dir='ltr'>militibus,</span> <span class='ocrx_word' id='word_1_135' title='bbox 492 2345 559 2403; x_wconf 88' lang='lat' dir='ltr'>servi</span> <span class='ocrx_word' id='word_1_136' title='bbox 580 2347 724 2422; x_wconf 86' lang='lat' dir='ltr'>libertique</span> 
     </span>
     <span class='ocr_line' id='line_1_28' title="bbox 132 2428 721 2510; baseline 0.012 -27"><span class='ocrx_word' id='word_1_137' title='bbox 132 2428 254 2505; x_wconf 79' lang='lat' dir='ltr'>obligant</span> <span class='ocrx_word' id='word_1_138' title='bbox 269 2431 389 2504; x_wconf 84' lang='lat' dir='ltr'>brachia,</span> <span class='ocrx_word' id='word_1_139' title='bbox 409 2445 537 2510; x_wconf 84' lang='lat' dir='ltr'>premunt</span> <span class='ocrx_word' id='word_1_140' title='bbox 551 2429 721 2508; x_wconf 81' lang='lat' dir='ltr'>sanguinein,</span> 
     </span>
    </p>
   </div>
   <div class='ocr_carea' id='block_1_3' title="bbox 0 0 891 3000">
    <p class='ocr_par' dir='ltr' id='par_1_3' title="bbox 0 0 891 3000">
     <span class='ocr_line' id='line_1_29' title="bbox 0 0 891 3000; baseline 0 0"><span class='ocrx_word' id='word_1_141' title='bbox 0 0 891 3000; x_wconf 95' lang='lat' dir='ltr'> </span> 
     </span>
    </p>
   </div>
   <div class='ocr_carea' id='block_1_4' title="bbox 759 2752 863 2944">
    <p class='ocr_par' dir='ltr' id='par_1_4' title="bbox 759 2710 863 2944">
     <span class='ocr_line' id='line_1_30' title="bbox 759 2752 863 2944; baseline 0 0"><span class='ocrx_word' id='word_1_142' title='bbox 759 2752 863 2944; x_wconf 54' lang='lat' dir='ltr'><em>A</em></span> 
     </span>
    </p>
   </div>
  </div>
 </body>
</html>
