1767 3000
229 141 619 227 nonantulanam*
671 177 714 242 33

115 255 304 339 pesublldium
314 263 456 334 habuerat,
464 261 537 322 haud
544 260 712 340 segniterin·

114 345 215 417 tendit,
225 345 372 426 juffitque‘
385 362 416 407 ut
427 350 605 410 Britannicus
615 363 642 407 et
654 355 711 407 Oc·
794 396 800 407 ,

111 432 212 494 (raaia
223 434 253 491 iu
261 433 437 512 complexum
447 436 532 513 patris
542 434 710 513 pergerent)

108 535 139 579 et
154 518 294 578 Vibidiam
305 522 447 598 virginum
458 520 606 581 Vestalium
617 519 709 581 vetus·

109 606 236 667 tilltmam
247 607 371 677 oravit,‘
385 605 525 684 pontificis
537 609 650 667 maximi
658 627 708 667 au·
724 674 727 679 ,

110 690 180 749 ‘res
196 689 282 762 adire,
301 690 475 749 elementiam
486 707 623 770 expetere.
634 696 641 720 ’
663 709 707 754 at·

111 794 167 854 que
184 775 295 834 interim
312 777 397 837 tribus
416 779 533 837 omnino
548 779 708 837 comitanti·

110 863 163 922 bus
185 860 228 931 (id
244 879 356 940 repente
366 862 522 923 solitudinis
534 870 609 940 erat)
623 862 707 942 spati·

107 969 154 1009 um
166 950 240 1009 urbia
248 950 363 1027 pedibus
377 949 496 1025 emensa,
510 950 637 1012 vehiculo
645 970 705 1030 quo

105 1051 287 1115 purgamenta
299 1040 445 1099 hortorum
453 1040 622 1118 eripiuntur,
630 1037 704 1099 Olli·

104 1123 196 1180 ensem
205 1123 279 1181 viam
288 1125 386 1182 intrat:
397 1124 473 1182 nulla
481 1125 640 1203 cujusquam
650 1127 704 1184 mi·

105 1204 264 1277 sericordia,
283 1211 350 1286 quia
365 1210 532 1284 flagitiorum
544 1210 706 1268 deformitas

61 1312 79 1373 3
85 1310 102 1370 3
111 1294 294 1371 praevalebat.
340 1293 546 1373 Trepidabatur
559 1297 703 1354 nihilomi-

102 1399 185 1439 nuta
202 1378 330 1451 Caesarea
353 1382 457 1459 quippe
473 1388 561 1440 Getae
572 1382 704 1460 praetorii

100 1465 238 1545 praeledlo
251 1467 324 1527 haud
338 1465 523 1542 formidabat,
539 1469 573 1531 ad
586 1468 700 1529 bonella

99 1551 398 1634 stupravajuxtalevi.
421 1577 489 1634 ergo
497 1554 649 1632 Narciffos,
657 1555 699 1616 as·

69 1691 72 1697 .
97 1639 213 1720 litmptis
223 1644 324 1720 quibus
334 1641 406 1712 idem
415 1645 535 1713 metue‚‘
547 1664 605 1704 non
618 1644 701 1703 aliam

97 1725 107 1757 ‘
123 1724 198 1803 spem
214 1727 414 1787 incolumitatis
425 1727 548 1789 Caesaris
564 1731 695 1803 affirmat,

97 1810 111 1860 ‘v
121 1830 204 1889 quam
216 1811 418 1889 fijuamilitum
431 1834 490 1871 uno
505 1815 556 1874 illo
565 1815 610 1873 die
628 1818 658 1873 in
667 1835 698 1872 a·

98 1896 225 1974 ‘liquem
245 1897 407 1956 libertorum
422 1898 603 1969 transferrem
617 1896 702 1978 leque

97 1981 109 2015 ‘
123 1981 206 2042 offert
218 1980 426 2064 suscepturum)
442 1999 525 2057 atne,
538 1985 603 2046 dum
612 1986 641 2046 in
651 2007 700 2048 ur·

95 2071 159 2131 bem
172 2071 290 2143 vehitur,
304 2068 338 2130 ad
355 2074 553 2148 poenitentiam
566 2094 581 2131 a
595 2079 628 2134 L.
643 2077 698 2136 Vi·

96 2155 185 2229 tellio,
202 2164 233 2216 P.
246 2163 339 2235 Largo
357 2160 477 2219 Caecina
488 2176 650 2237 mutaretur,
663 2165 697 2224 in

98 2241 196 2306 eodem
212 2243 359 2322 gestamine
376 2243 465 2306 sedem
481 2245 578 2326 poscit,
598 2248 695 2311 sumit·

52 2351 163 2412 34que.
210 2335 313 2391 Crebra
322 2329 535 2412 posthaecfama
544 2333 607 2406 fuit,
619 2340 696 2394 inter

93 2415 212 2476 diversas
224 2411 355 2499 principis
369 2439 464 2493 voces,
476 2442 539 2481 cum
548 2422 633 2479 modo
647 2422 697 2478 in·

92 2501 307 2587 cultratflagitia
315 2508 425 2579 uxoris,
435 2506 587 2588 aliquando
594 2504 696 2566 adme-
