1767 3000
175 116 242 195 276
294 137 696 184 c.coaaaatt·rnetrr

177 219 218 276 eit
226 224 369 279 Annaeum
378 216 577 290 senecamfive
585 218 783 279 internuntius

179 304 254 365 inter
265 324 326 364 eum
342 304 523 385 Pisonemque
538 304 602 378 fuit,
613 302 667 363 save
676 321 708 363 ut
718 311 784 365 Ne·

179 392 259 450 tonia
269 393 382 467 gratiam
395 407 514 468 pararet,
533 394 582 469 qui
594 388 717 449 infensus
729 397 782 450 Se·

180 496 275 550 necte,
287 476 426 535 omneaad
434 496 497 536 eum
507 474 721 553 opprimendum
732 497 781 535 ar·

181 577 222 622 tea
240 564 433 640 conquirebat.
465 577 525 622 tunt
541 562 780 637 coguitoNatalis

181 648 299 723 indicio,
313 650 444 708 Scevinua
456 668 568 727 quoque
580 649 640 723 pari
650 648 779 722 imbecil-

181 732 271 806 litate,
283 755 319 792 an
330 739 428 793 cuneta
436 737 493 811 jam
506 732 637 813 patefacta
647 734 778 807 eredens,

183 841 235 880 noc
250 821 335 880 aliurn
351 817 449 879 filentii
464 820 696 895 emolumentum,
716 820 778 879 edi·

180 906 222 966 dit
230 923 347 975 cetetoa3
360 908 502 983 exquibus
512 912 654 979 Lucanus,
662 908 777 981 Quinti·

181 991 312 1070 anusque,
328 1006 356 1049 et
370 993 483 1050 Senecio
495 990 542 1050 diu
554 994 685 1051 abnuere.
716 991 778 1071 post

180 1076 311 1158 prorniffa
319 1078 485 1156 impunitate
495 1080 631 1157 corrupti,
650 1098 708 1156 quo
720 1094 777 1137 tar·

180 1163 295 1224 ditatenr
310 1162 482 1235 excusarent,
504 1170 631 1223 Lucanus
644 1164 779 1224 Accilium

181 1266 297 1312 matrem
309 1248 394 1325 suam,
404 1252 572 1327 Quintianus
581 1250 701 1310 Glicium
709 1250 779 1309 Gal·

181 1337 252 1411 lum,
264 1340 377 1397 Senecio
395 1338 521 1396 Annium
539 1335 692 1396 Pollionem
708 1339 779 1396 ami·

181 1444 279 1483 corum
292 1427 453 1504 praecipuos
465 1425 653 1483 nominavere.
677 1431 773 1503 Atque
784 1440 820 1499 57

181 1512 293 1570 interim
306 1515 382 1569 Nero
391 1510 549 1570 recordatus
558 1508 660 1569 Volufii
669 1515 778 1569 Procu-

180 1595 201 1654 li
213 1595 315 1654 indicio
333 1598 492 1675 Epicharinr
507 1598 629 1670 attineri,
648 1594 781 1675 ratusque

181 1681 779 1763 muliebreeorpuaimpardolori‚‘tormen·

180 1769 191 1800 ‘
205 1772 241 1827 tis
249 1767 495 1846 dilacerari'jubet.
519 1784 548 1827 at
560 1768 635 1828 iilam
646 1789 704 1827 non
715 1789 779 1827 ver·

179 1856 256 1929 bera,
270 1876 330 1914 non
342 1858 431 1933 ignea,
446 1876 506 1914 non
521 1857 562 1913 ira
573 1874 608 1914 eo
616 1856 706 1914 acrius
717 1869 779 1914 tor.

179 1938 777 2019 quentiutnneafetninaspernerentur,per·

180 2029 273 2085 vicere
285 2031 354 2104 quin
369 2027 477 2104 objeeia
488 2026 644 2104 denegaret.
668 2025 704 2087 fic
720 2028 778 2106 pri·

179 2132 242 2170 anus
255 2112 422 2189 quaestionis
432 2113 489 2190 dies
498 2129 687 2192 contemptus.
713 2110 776 2192 pos·

131 2212 135 2219 ’
178 2212 239 2257 teto
250 2217 312 2254 cum
325 2198 358 2257 ad
375 2196 483 2259 eosdem
500 2201 638 2259 cruciatus
656 2200 776 2256 retrahe·

179 2299 255 2343 retur
277 2282 422 2359 gestamine
440 2284 518 2344 sellae
533 2284 622 2353 (oatn
641 2281 778 2343 diffolutis

179 2370 306 2427 membris
318 2369 433 2429 insistere
445 2372 596 2449 nequibat)
612 2370 707 2430 vinclo
724 2367 780 2435 fas·

178 2455 237 2515 ciue
245 2474 326 2534 quam
334 2458 437 2538 pectori
447 2458 613 2536 detraxerat,
622 2458 652 2516 in
660 2454 779 2518 modum
