1767 3000
202 189 577 233 nnnanronzrn.xrr.
659 182 702 252 51

106 268 238 352 miffoque
246 294 327 333 amne
336 275 429 350 Tigri,
440 288 580 353 permeant
588 270 707 332 Adiabe-

105 380 171 434 nos,
183 381 303 439 quorum
316 380 364 419 rex
377 368 466 419 Izates
475 356 631 419 societatem
642 365 704 418 Me·

103 446 227 507 herdatis
248 446 336 526 palam
357 446 494 522 induerat,
513 448 543 505 in
561 453 704 506 Gotarzen

103 554 153 614 per
162 532 309 594 occultaret
317 536 403 609 magis
415 531 469 592 fida
479 532 640 592 inclinabat.
659 531 707 593 sed

103 635 186 696 capta
198 622 227 677 in
237 617 349 676 traniitu
358 621 424 676 urbs
432 620 524 676 Ninos
533 617 704 678 vetustiffima

106 700 183 762 sedes
197 701 329 779 Affyriae,
349 701 488 762 castellum
500 702 603 779 infigne
622 701 706 780 same,

107 788 185 867 quod
198 786 333 867 postremo
344 790 416 848 inter
433 790 550 850 Darium
567 804 651 869 atque
667 797 707 869 Ay

107 874 272 935 laxandrum
286 877 391 956 proelio
404 875 545 936 Persarum
564 876 622 937 illic
639 895 708 956 opes

106 961 296 1023 conciderant.
333 966 438 1023 interea
466 969 606 1024 Gotarzes
634 963 709 1044 apud

106 1065 230 1108 montem
239 1051 282 1109 cui
294 1070 396 1109 nomen
406 1051 559 1125 Sanbulos,
571 1066 640 1111 vota
651 1051 706 1111 diis

107 1133 623 1213 locisuscipiebat,praecipuareligione
638 1142 711 1196 Her·

108 1220 195 1279 culis:
221 1220 270 1298 qui
285 1234 411 1299 tempore
425 1220 506 1294 stato,
526 1242 574 1298 per
588 1222 710 1298 quietem

107 1320 211 1366 monet·
220 1304 384 1382 sacerdotes,
409 1305 420 1338 ‘
431 1322 463 1366 ut
474 1308 605 1387 ternplum
615 1308 712 1385 juxta,

108 1392 120 1426 ‘
133 1413 223 1472 equos
244 1396 357 1454 venatui
372 1391 523 1454 adornatos
537 1393 658 1466 fistant3'
678 1415 707 1454 e·

107 1482 156 1562 qui
178 1481 225 1542 ubi
246 1484 384 1562 pharetras
407 1481 469 1542 telis
493 1480 604 1543 onustas
628 1501 706 1543 acce·

107 1588 185 1648 pere,
201 1589 250 1646 per
264 1568 347 1629 saltus
360 1570 432 1647 vagi,
446 1575 527 1629 notie
538 1569 647 1629 demum
659 1590 711 1631 va·

108 1657 167 1715 cuia
182 1658 328 1732 pharetris,
347 1658 511 1716 multotum
527 1657 648 1715 anhelitu
665 1675 709 1716 re·

109 1739 206 1799 deunt.
226 1739 316 1798 rursus
329 1741 407 1814 deus,
424 1760 481 1820 qua
493 1738 574 1800 fiivas
588 1761 710 1820 pererra·

109 1825 193 1900 verit,
206 1830 347 1884 notiumo
359 1824 416 1885 viso
429 1825 615 1885 demonstrat:
634 1845 712 1905 repe-

69 1941 111 2000 14
120 1911 286 1987 riuntorque
298 1908 372 1969 fusae
390 1910 481 1989 paffim
493 1910 576 1971 ferae.
630 1917 713 1972 Cete-

110 2017 173 2056 rum
184 2003 323 2056 Gotarzes
333 1995 459 2056 nonduin
470 1995 534 2057 satis
542 2002 623 2059 aurio
631 2019 713 2061 exer·

110 2083 302 2156 titu,iiumine
311 2090 415 2144 Corma
425 2105 479 2165 pro
488 2087 663 2149 munimento
678 2108 712 2149 u·

109 2174 150 2241 ti3
174 2185 203 2228 et
221 2190 390 2250 quamquam
409 2192 459 2252 per
470 2172 667 2235 insectationes
681 2192 712 2236 et

87 2255 90 2263 '
110 2259 227 2316 nuntios
241 2257 275 2317 ad
284 2258 419 2339 proelium
430 2275 586 2335 vocaretur,
603 2267 713 2322 nedem

108 2345 713 2426 moras,locormntare,etnrisfiscorrupro·

110 2431 202 2505 ribus,
211 2432 364 2491 exuendam
377 2432 414 2491 ad
432 2431 513 2493 fidem
523 2433 614 2493 hostes
625 2450 715 2491 einer·

112 2520 178 2577 cari.
211 2538 249 2580 ex
267 2522 330 2598 quio
351 2525 444 2580 Izates
455 2518 626 2598 Adiabenos,
642 2532 714 2582 mox
743 2593 745 2598 ‚

386 2609 410 2663 C
435 2622 452 2670 2
