<?xml version="1.0" encoding="UTF-8"?>
<!DOCTYPE html PUBLIC "-//W3C//DTD XHTML 1.0 Transitional//EN"
    "http://www.w3.org/TR/xhtml1/DTD/xhtml1-transitional.dtd">
<html xmlns="http://www.w3.org/1999/xhtml" xml:lang="en" lang="en">
 <head>
  <title>
</title>
<meta http-equiv="Content-Type" content="text/html;charset=utf-8" />
  <meta name='ocr-system' content='tesseract 3.04.00' />
  <meta name='ocr-capabilities' content='ocr_page ocr_carea ocr_par ocr_line ocrx_word'/>
</head>
<body>
  <div class='ocr_page' id='page_1' title='image "./ccorneliitaciti03grongoog_0071.png"; bbox 0 0 1767 3000; ppageno 0'>
   <div class='ocr_carea' id='block_1_1' title="bbox 227 174 733 244">
    <p class='ocr_par' dir='ltr' id='par_1_1' title="bbox 227 174 733 244">
     <span class='ocr_line' id='line_1_1' title="bbox 227 174 733 244; baseline -0.016 -17"><span class='ocrx_word' id='word_1_1' title='bbox 227 183 438 227; x_wconf 66' lang='lat' dir='ltr'>Annorum</span> <span class='ocrx_word' id='word_1_2' title='bbox 460 182 609 225; x_wconf 67' lang='lat' dir='ltr'>mxu.</span> <span class='ocrx_word' id='word_1_3' title='bbox 688 174 733 244; x_wconf 68' lang='lat'>59</span> 
     </span>
    </p>
   </div>
   <div class='ocr_carea' id='block_1_2' title="bbox 82 264 804 2600">
    <p class='ocr_par' dir='ltr' id='par_1_2' title="bbox 82 264 804 2600">
     <span class='ocr_line' id='line_1_2' title="bbox 136 264 732 345; baseline -0.005 -16"><span class='ocrx_word' id='word_1_4' title='bbox 136 281 207 329; x_wconf 83' lang='lat' dir='ltr'>turn.</span> <span class='ocrx_word' id='word_1_5' title='bbox 230 283 257 326; x_wconf 86' lang='lat' dir='ltr'>et</span> <span class='ocrx_word' id='word_1_6' title='bbox 272 268 444 345; x_wconf 85' lang='lat' dir='ltr'>pomoerium</span> <span class='ocrx_word' id='word_1_7' title='bbox 456 266 531 324; x_wconf 75' lang='lat' dir='ltr'>urbis</span> <span class='ocrx_word' id='word_1_8' title='bbox 543 265 622 323; x_wconf 86' lang='lat' dir='ltr'>auxit</span> <span class='ocrx_word' id='word_1_9' title='bbox 633 264 732 326; x_wconf 73' lang='lat' dir='ltr'>Caesar</span> 
     </span>
     <span class='ocr_line' id='line_1_3' title="bbox 133 351 730 435; baseline -0.008 -19"><span class='ocrx_word' id='word_1_10' title='bbox 133 375 213 416; x_wconf 85' lang='lat' dir='ltr'>more</span> <span class='ocrx_word' id='word_1_11' title='bbox 224 353 331 435; x_wconf 81' lang='lat' dir='ltr'>prisco;</span> <span class='ocrx_word' id='word_1_12' title='bbox 343 373 402 432; x_wconf 89' lang='lat' dir='ltr'>quo</span> <span class='ocrx_word' id='word_1_13' title='bbox 418 355 452 411; x_wconf 86' lang='lat' dir='ltr'>iis</span> <span class='ocrx_word' id='word_1_14' title='bbox 463 353 511 430; x_wconf 91' lang='lat' dir='ltr'>qui</span> <span class='ocrx_word' id='word_1_15' title='bbox 525 351 665 431; x_wconf 79' lang='lat' dir='ltr'>protulere</span> <span class='ocrx_word' id='word_1_16' title='bbox 676 354 730 412; x_wconf 86' lang='lat' dir='ltr'>im·</span> 
     </span>
     <span class='ocr_line' id='line_1_4' title="bbox 132 440 729 524; baseline -0.005 -21"><span class='ocrx_word' id='word_1_17' title='bbox 132 445 252 524; x_wconf 78' lang='lat' dir='ltr'>perium,</span> <span class='ocrx_word' id='word_1_18' title='bbox 265 443 348 500; x_wconf 79' lang='lat' dir='ltr'>etiarn</span> <span class='ocrx_word' id='word_1_19' title='bbox 360 442 496 500; x_wconf 77' lang='lat' dir='ltr'>terminos</span> <span class='ocrx_word' id='word_1_20' title='bbox 504 440 580 498; x_wconf 80' lang='lat' dir='ltr'>urbis</span> <span class='ocrx_word' id='word_1_21' title='bbox 592 458 729 519; x_wconf 81' lang='lat' dir='ltr'>propaga·</span> 
     </span>
     <span class='ocr_line' id='line_1_5' title="bbox 131 525 728 600; baseline -0.01 -10"><span class='ocrx_word' id='word_1_22' title='bbox 131 527 268 590; x_wconf 70' lang='lat' dir='ltr'>fedatur.</span> <span class='ocrx_word' id='word_1_23' title='bbox 304 548 357 586; x_wconf 84' lang='lat' dir='ltr'>nee</span> <span class='ocrx_word' id='word_1_24' title='bbox 381 543 476 586; x_wconf 79' lang='lat' dir='ltr'>tamen</span> <span class='ocrx_word' id='word_1_25' title='bbox 494 525 577 585; x_wconf 85' lang='lat' dir='ltr'>duces</span> <span class='ocrx_word' id='word_1_26' title='bbox 597 528 728 600; x_wconf 78' lang='lat' dir='ltr'>Romani,</span> 
     </span>
     <span class='ocr_line' id='line_1_6' title="bbox 131 609 729 695; baseline -0.005 -21"><span class='ocrx_word' id='word_1_27' title='bbox 131 634 301 695; x_wconf 68' lang='lat' dir='ltr'>quamquam</span> <span class='ocrx_word' id='word_1_28' title='bbox 312 615 420 689; x_wconf 79' lang='lat' dir='ltr'>magnis</span> <span class='ocrx_word' id='word_1_29' title='bbox 434 612 594 671; x_wconf 83' lang='lat' dir='ltr'>nationibus</span> <span class='ocrx_word' id='word_1_30' title='bbox 603 609 729 688; x_wconf 73' lang='lat' dir='ltr'>subadlis,</span> 
     </span>
     <span class='ocr_line' id='line_1_7' title="bbox 132 695 729 779; baseline -0.008 -18"><span class='ocrx_word' id='word_1_31' title='bbox 132 699 323 779; x_wconf 81' lang='lat' dir='ltr'>usurpaverat,</span> <span class='ocrx_word' id='word_1_32' title='bbox 335 697 385 757; x_wconf 84' lang='lat' dir='ltr'>nili</span> <span class='ocrx_word' id='word_1_33' title='bbox 397 704 431 756; x_wconf 90' lang='lat' dir='ltr'>L.</span> <span class='ocrx_word' id='word_1_34' title='bbox 441 695 527 769; x_wconf 84' lang='lat' dir='ltr'>Sulla,</span> <span class='ocrx_word' id='word_1_35' title='bbox 539 712 566 755; x_wconf 86' lang='lat' dir='ltr'>et</span> <span class='ocrx_word' id='word_1_36' title='bbox 576 696 658 756; x_wconf 77' lang='lat' dir='ltr'>divus</span> <span class='ocrx_word' id='word_1_37' title='bbox 670 706 729 757; x_wconf 83' lang='lat' dir='ltr'>Au·</span> 
     </span>
     <span class='ocr_line' id='line_1_8' title="bbox 133 782 730 864; baseline -0.003 -18"><span class='ocrx_word' id='word_1_38' title='bbox 133 785 236 864; x_wconf 77' lang='lat' dir='ltr'>gustus.</span> <span class='ocrx_word' id='word_1_39' title='bbox 262 805 355 861; x_wconf 84' lang='lat' dir='ltr'>regum</span> <span class='ocrx_word' id='word_1_40' title='bbox 367 786 397 844; x_wconf 89' lang='lat' dir='ltr'>in</span> <span class='ocrx_word' id='word_1_41' title='bbox 409 805 444 843; x_wconf 89' lang='lat' dir='ltr'>eo</span> <span class='ocrx_word' id='word_1_42' title='bbox 452 784 578 856; x_wconf 83' lang='lat' dir='ltr'>ambitio,</span> <span class='ocrx_word' id='word_1_43' title='bbox 588 782 633 842; x_wconf 83' lang='lat' dir='ltr'>vel</span> <span class='ocrx_word' id='word_1_44' title='bbox 641 783 730 859; x_wconf 81' lang='lat' dir='ltr'>gloria</span> 
     </span>
     <span class='ocr_line' id='line_1_9' title="bbox 91 869 728 955; baseline -0.008 -22"><span class='ocrx_word' id='word_1_45' title='bbox 91 874 214 955; x_wconf 80' lang='lat' dir='ltr'>24varie</span> <span class='ocrx_word' id='word_1_46' title='bbox 226 873 345 950; x_wconf 81' lang='lat' dir='ltr'>vulgara.</span> <span class='ocrx_word' id='word_1_47' title='bbox 390 870 442 931; x_wconf 80' lang='lat' dir='ltr'>Sed</span> <span class='ocrx_word' id='word_1_48' title='bbox 454 871 565 931; x_wconf 86' lang='lat' dir='ltr'>initium</span> <span class='ocrx_word' id='word_1_49' title='bbox 577 869 728 944; x_wconf 87' lang='lat' dir='ltr'>condendi,</span> 
     </span>
     <span class='ocr_line' id='line_1_10' title="bbox 131 955 728 1040; baseline -0.005 -21"><span class='ocrx_word' id='word_1_50' title='bbox 131 975 160 1020; x_wconf 84' lang='lat' dir='ltr'>er</span> <span class='ocrx_word' id='word_1_51' title='bbox 171 959 246 1038; x_wconf 88' lang='lat' dir='ltr'>quod</span> <span class='ocrx_word' id='word_1_52' title='bbox 259 961 429 1040; x_wconf 84' lang='lat' dir='ltr'>pomoerium</span> <span class='ocrx_word' id='word_1_53' title='bbox 446 956 582 1018; x_wconf 81' lang='lat' dir='ltr'>Romulus</span> <span class='ocrx_word' id='word_1_54' title='bbox 594 955 728 1038; x_wconf 84' lang='lat' dir='ltr'>posuerit,</span> 
     </span>
     <span class='ocr_line' id='line_1_11' title="bbox 130 1044 727 1121; baseline -0.003 -16"><span class='ocrx_word' id='word_1_55' title='bbox 130 1046 245 1106; x_wconf 87' lang='lat' dir='ltr'>noscere</span> <span class='ocrx_word' id='word_1_56' title='bbox 266 1048 337 1105; x_wconf 76' lang='lat' dir='ltr'>haud</span> <span class='ocrx_word' id='word_1_57' title='bbox 355 1044 499 1105; x_wconf 80' lang='lat' dir='ltr'>absurdum</span> <span class='ocrx_word' id='word_1_58' title='bbox 511 1065 583 1104; x_wconf 81' lang='lat' dir='ltr'>teor.</span> <span class='ocrx_word' id='word_1_59' title='bbox 611 1046 727 1121; x_wconf 82' lang='lat' dir='ltr'>igitura</span> 
     </span>
     <span class='ocr_line' id='line_1_12' title="bbox 131 1130 804 1205; baseline 0 -15"><span class='ocrx_word' id='word_1_60' title='bbox 131 1130 729 1205; x_wconf 71' lang='lat' dir='ltr'>foroboarionbiaereunraurifimulacrum</span> <span class='ocrx_word' id='word_1_61' title='bbox 796 1142 804 1155; x_wconf 65' lang='lat'>⁸</span> 
     </span>
     <span class='ocr_line' id='line_1_13' title="bbox 132 1216 729 1296; baseline 0 -21"><span class='ocrx_word' id='word_1_62' title='bbox 132 1216 360 1296; x_wconf 75' lang='lat' dir='ltr'>aspicimus,quia</span> <span class='ocrx_word' id='word_1_63' title='bbox 368 1217 395 1274; x_wconf 91' lang='lat' dir='ltr'>id</span> <span class='ocrx_word' id='word_1_64' title='bbox 402 1217 657 1293; x_wconf 81' lang='lat' dir='ltr'>genusanirnallunr</span> <span class='ocrx_word' id='word_1_65' title='bbox 667 1236 729 1275; x_wconf 80' lang='lat' dir='ltr'>nra·</span> 
     </span>
     <span class='ocr_line' id='line_1_14' title="bbox 132 1299 727 1381; baseline -0.002 -19"><span class='ocrx_word' id='word_1_66' title='bbox 132 1318 178 1362; x_wconf 86' lang='lat' dir='ltr'>tro</span> <span class='ocrx_word' id='word_1_67' title='bbox 200 1304 332 1378; x_wconf 80' lang='lat' dir='ltr'>subditur,</span> <span class='ocrx_word' id='word_1_68' title='bbox 350 1301 440 1362; x_wconf 79' lang='lat' dir='ltr'>sulcus</span> <span class='ocrx_word' id='word_1_69' title='bbox 457 1299 615 1379; x_wconf 79' lang='lat' dir='ltr'>defignrndi</span> <span class='ocrx_word' id='word_1_70' title='bbox 630 1301 727 1381; x_wconf 83' lang='lat' dir='ltr'>oppidi</span> 
     </span>
     <span class='ocr_line' id='line_1_15' title="bbox 129 1387 728 1471; baseline -0.003 -21"><span class='ocrx_word' id='word_1_71' title='bbox 129 1407 257 1471; x_wconf 74' lang='lat' dir='ltr'>coeptus,</span> <span class='ocrx_word' id='word_1_72' title='bbox 270 1406 435 1467; x_wconf 82' lang='lat' dir='ltr'>utmagnarn</span> <span class='ocrx_word' id='word_1_73' title='bbox 448 1387 574 1450; x_wconf 81' lang='lat' dir='ltr'>Herculis</span> <span class='ocrx_word' id='word_1_74' title='bbox 583 1409 656 1447; x_wconf 82' lang='lat' dir='ltr'>aram</span> <span class='ocrx_word' id='word_1_75' title='bbox 668 1408 728 1448; x_wconf 84' lang='lat' dir='ltr'>arn·</span> 
     </span>
     <span class='ocr_line' id='line_1_16' title="bbox 128 1475 727 1561; baseline 0 -23"><span class='ocrx_word' id='word_1_76' title='bbox 128 1477 305 1561; x_wconf 66' lang='lat' dir='ltr'>plederetun</span> <span class='ocrx_word' id='word_1_77' title='bbox 320 1477 385 1538; x_wconf 83' lang='lat' dir='ltr'>inde</span> <span class='ocrx_word' id='word_1_78' title='bbox 396 1479 479 1539; x_wconf 74' lang='lat' dir='ltr'>certis</span> <span class='ocrx_word' id='word_1_79' title='bbox 490 1475 583 1558; x_wconf 80' lang='lat' dir='ltr'>spatiis</span> <span class='ocrx_word' id='word_1_80' title='bbox 595 1476 727 1555; x_wconf 83' lang='lat' dir='ltr'>interjec-</span> 
     </span>
     <span class='ocr_line' id='line_1_17' title="bbox 127 1564 725 1647; baseline -0.005 -20"><span class='ocrx_word' id='word_1_81' title='bbox 127 1569 150 1627; x_wconf 85' lang='lat' dir='ltr'>ti</span> <span class='ocrx_word' id='word_1_82' title='bbox 163 1567 281 1647; x_wconf 73' lang='lat' dir='ltr'>lapides,</span> <span class='ocrx_word' id='word_1_83' title='bbox 291 1586 338 1646; x_wconf 83' lang='lat' dir='ltr'>per</span> <span class='ocrx_word' id='word_1_84' title='bbox 346 1569 400 1626; x_wconf 85' lang='lat' dir='ltr'>ima</span> <span class='ocrx_word' id='word_1_85' title='bbox 409 1569 516 1627; x_wconf 81' lang='lat' dir='ltr'>montis</span> <span class='ocrx_word' id='word_1_86' title='bbox 526 1564 641 1624; x_wconf 79' lang='lat' dir='ltr'>Palatini</span> <span class='ocrx_word' id='word_1_87' title='bbox 652 1564 684 1624; x_wconf 83' lang='lat' dir='ltr'>ad</span> <span class='ocrx_word' id='word_1_88' title='bbox 694 1585 725 1624; x_wconf 80' lang='lat' dir='ltr'>a·</span> 
     </span>
     <span class='ocr_line' id='line_1_18' title="bbox 127 1651 726 1727; baseline -0.002 -15"><span class='ocrx_word' id='word_1_89' title='bbox 127 1673 186 1712; x_wconf 82' lang='lat' dir='ltr'>ram</span> <span class='ocrx_word' id='word_1_90' title='bbox 200 1651 365 1727; x_wconf 83' lang='lat' dir='ltr'>Confi,mox</span> <span class='ocrx_word' id='word_1_91' title='bbox 376 1652 410 1711; x_wconf 83' lang='lat' dir='ltr'>ad</span> <span class='ocrx_word' id='word_1_92' title='bbox 423 1655 521 1711; x_wconf 78' lang='lat' dir='ltr'>Curias</span> <span class='ocrx_word' id='word_1_93' title='bbox 534 1666 651 1724; x_wconf 82' lang='lat' dir='ltr'>veteres,</span> <span class='ocrx_word' id='word_1_94' title='bbox 664 1667 726 1711; x_wconf 83' lang='lat' dir='ltr'>rum</span> 
     </span>
     <span class='ocr_line' id='line_1_19' title="bbox 128 1737 725 1815; baseline -0.007 -17"><span class='ocrx_word' id='word_1_95' title='bbox 128 1740 164 1798; x_wconf 79' lang='lat' dir='ltr'>ad</span> <span class='ocrx_word' id='word_1_96' title='bbox 177 1737 302 1798; x_wconf 79' lang='lat' dir='ltr'>sacellum</span> <span class='ocrx_word' id='word_1_97' title='bbox 316 1741 446 1798; x_wconf 81' lang='lat' dir='ltr'>Lorium:</span> <span class='ocrx_word' id='word_1_98' title='bbox 461 1737 609 1815; x_wconf 84' lang='lat' dir='ltr'>forumque</span> <span class='ocrx_word' id='word_1_99' title='bbox 622 1744 725 1795; x_wconf 82' lang='lat' dir='ltr'>Roma·</span> 
     </span>
     <span class='ocr_line' id='line_1_20' title="bbox 128 1819 726 1902; baseline -0.003 -19"><span class='ocrx_word' id='word_1_100' title='bbox 128 1845 195 1884; x_wconf 89' lang='lat' dir='ltr'>num</span> <span class='ocrx_word' id='word_1_101' title='bbox 208 1839 236 1882; x_wconf 84' lang='lat' dir='ltr'>er</span> <span class='ocrx_word' id='word_1_102' title='bbox 251 1823 488 1902; x_wconf 82' lang='lat' dir='ltr'>Capitoliumnon</span> <span class='ocrx_word' id='word_1_103' title='bbox 504 1844 520 1881; x_wconf 81' lang='lat' dir='ltr'>a</span> <span class='ocrx_word' id='word_1_104' title='bbox 533 1821 664 1896; x_wconf 86' lang='lat' dir='ltr'>Romulo,</span> <span class='ocrx_word' id='word_1_105' title='bbox 680 1819 726 1882; x_wconf 85' lang='lat' dir='ltr'>sed</span> 
     </span>
     <span class='ocr_line' id='line_1_21' title="bbox 127 1906 726 1970; baseline -0.003 0"><span class='ocrx_word' id='word_1_106' title='bbox 127 1916 195 1970; x_wconf 77' lang='lat' dir='ltr'>aT.</span> <span class='ocrx_word' id='word_1_107' title='bbox 204 1912 293 1968; x_wconf 83' lang='lat' dir='ltr'>Tatio</span> <span class='ocrx_word' id='word_1_108' title='bbox 301 1908 423 1967; x_wconf 85' lang='lat' dir='ltr'>additum</span> <span class='ocrx_word' id='word_1_109' title='bbox 433 1910 494 1968; x_wconf 87' lang='lat' dir='ltr'>urbi</span> <span class='ocrx_word' id='word_1_110' title='bbox 502 1906 648 1968; x_wconf 85' lang='lat' dir='ltr'>credidere.</span> <span class='ocrx_word' id='word_1_111' title='bbox 657 1927 726 1968; x_wconf 82' lang='lat' dir='ltr'>mox</span> 
     </span>
     <span class='ocr_line' id='line_1_22' title="bbox 127 1995 726 2076; baseline -0.003 -19"><span class='ocrx_word' id='word_1_112' title='bbox 127 2015 180 2076; x_wconf 88' lang='lat' dir='ltr'>pro</span> <span class='ocrx_word' id='word_1_113' title='bbox 188 1995 303 2057; x_wconf 81' lang='lat' dir='ltr'>fortuna</span> <span class='ocrx_word' id='word_1_114' title='bbox 311 1998 483 2074; x_wconf 86' lang='lat' dir='ltr'>pomoerium</span> <span class='ocrx_word' id='word_1_115' title='bbox 491 2000 610 2055; x_wconf 70' lang='lat' dir='ltr'>audium.</span> <span class='ocrx_word' id='word_1_116' title='bbox 619 2010 726 2073; x_wconf 77' lang='lat' dir='ltr'>etquos</span> 
     </span>
     <span class='ocr_line' id='line_1_23' title="bbox 127 2081 724 2162; baseline -0.005 -18"><span class='ocrx_word' id='word_1_117' title='bbox 127 2099 187 2144; x_wconf 81' lang='lat' dir='ltr'>rum</span> <span class='ocrx_word' id='word_1_118' title='bbox 201 2083 332 2143; x_wconf 77' lang='lat' dir='ltr'>Claudius</span> <span class='ocrx_word' id='word_1_119' title='bbox 346 2085 482 2142; x_wconf 80' lang='lat' dir='ltr'>terminos</span> <span class='ocrx_word' id='word_1_120' title='bbox 498 2081 628 2162; x_wconf 81' lang='lat' dir='ltr'>posuerit,</span> <span class='ocrx_word' id='word_1_121' title='bbox 643 2082 724 2144; x_wconf 81' lang='lat' dir='ltr'>facile</span> 
     </span>
     <span class='ocr_line' id='line_1_24' title="bbox 125 2168 722 2249; baseline 0 -18"><span class='ocrx_word' id='word_1_122' title='bbox 125 2173 254 2248; x_wconf 84' lang='lat' dir='ltr'>cognitu,</span> <span class='ocrx_word' id='word_1_123' title='bbox 272 2184 300 2229; x_wconf 84' lang='lat' dir='ltr'>et</span> <span class='ocrx_word' id='word_1_124' title='bbox 316 2169 432 2249; x_wconf 80' lang='lat' dir='ltr'>publicis</span> <span class='ocrx_word' id='word_1_125' title='bbox 446 2172 511 2230; x_wconf 72' lang='lat' dir='ltr'>adis</span> <span class='ocrx_word' id='word_1_126' title='bbox 531 2168 722 2249; x_wconf 84' lang='lat' dir='ltr'>perscriptum.</span> 
     </span>
     <span class='ocr_line' id='line_1_25' title="bbox 82 2255 725 2335; baseline 0 -19"><span class='ocrx_word' id='word_1_127' title='bbox 82 2278 100 2323; x_wconf 85' lang='lat'>2</span> <span class='ocrx_word' id='word_1_128' title='bbox 107 2256 288 2335; x_wconf 82' lang='lat' dir='ltr'>5C.Antiliio</span> <span class='ocrx_word' id='word_1_129' title='bbox 298 2263 340 2317; x_wconf 91' lang='lat' dir='ltr'>M.</span> <span class='ocrx_word' id='word_1_130' title='bbox 349 2256 433 2316; x_wconf 85' lang='lat' dir='ltr'>Suilio</span> <span class='ocrx_word' id='word_1_131' title='bbox 441 2255 598 2317; x_wconf 83' lang='lat' dir='ltr'>consulibus</span> <span class='ocrx_word' id='word_1_132' title='bbox 607 2257 725 2334; x_wconf 80' lang='lat' dir='ltr'>adoptio</span> 
     </span>
     <span class='ocr_line' id='line_1_26' title="bbox 123 2341 724 2406; baseline -0.008 -1"><span class='ocrx_word' id='word_1_133' title='bbox 123 2347 154 2406; x_wconf 94' lang='lat' dir='ltr'>in</span> <span class='ocrx_word' id='word_1_134' title='bbox 168 2345 325 2405; x_wconf 86' lang='lat' dir='ltr'>Domitium</span> <span class='ocrx_word' id='word_1_135' title='bbox 340 2347 502 2403; x_wconf 64' lang='lat' dir='ltr'>austeritate</span> <span class='ocrx_word' id='word_1_136' title='bbox 511 2344 641 2403; x_wconf 79' lang='lat' dir='ltr'>Pallantis</span> <span class='ocrx_word' id='word_1_137' title='bbox 653 2341 724 2400; x_wconf 79' lang='lat' dir='ltr'>festi·</span> 
     </span>
     <span class='ocr_line' id='line_1_27' title="bbox 124 2429 725 2511; baseline -0.015 -19"><span class='ocrx_word' id='word_1_138' title='bbox 124 2429 428 2510; x_wconf 74' lang='lat' dir='ltr'>num13quiobliridius</span> <span class='ocrx_word' id='word_1_139' title='bbox 437 2433 606 2511; x_wconf 81' lang='lat' dir='ltr'>Agrippinae</span> <span class='ocrx_word' id='word_1_140' title='bbox 615 2442 725 2485; x_wconf 84' lang='lat' dir='ltr'>utcon-</span> 
     </span>
     <span class='ocr_line' id='line_1_28' title="bbox 125 2512 726 2600; baseline -0.018 -20"><span class='ocrx_word' id='word_1_141' title='bbox 125 2517 236 2580; x_wconf 72' lang='lat' dir='ltr'>oilirtor</span> <span class='ocrx_word' id='word_1_142' title='bbox 254 2520 424 2600; x_wconf 73' lang='lat' dir='ltr'>nuptiarum,</span> <span class='ocrx_word' id='word_1_143' title='bbox 440 2533 469 2576; x_wconf 87' lang='lat' dir='ltr'>et</span> <span class='ocrx_word' id='word_1_144' title='bbox 481 2536 551 2578; x_wconf 79' lang='lat' dir='ltr'>nox</span> <span class='ocrx_word' id='word_1_145' title='bbox 563 2513 655 2595; x_wconf 86' lang='lat' dir='ltr'>stupro</span> <span class='ocrx_word' id='word_1_146' title='bbox 662 2512 726 2589; x_wconf 52' lang='lat' dir='ltr'>xclun</span> 
     </span>
    </p>
   </div>
   <div class='ocr_carea' id='block_1_3' title="bbox 881 2275 885 2789">
    <p class='ocr_par' dir='ltr' id='par_1_3' title="bbox 881 2275 885 2789">
     <span class='ocr_line' id='line_1_29' title="bbox 881 2275 885 2789; baseline 0 0"><span class='ocrx_word' id='word_1_147' title='bbox 881 2275 885 2789; x_wconf 95' lang='lat' dir='ltr'> </span> 
     </span>
    </p>
   </div>
   <div class='ocr_carea' id='block_1_4' title="bbox 0 0 888 3000">
    <p class='ocr_par' dir='ltr' id='par_1_4' title="bbox 0 0 888 3000">
     <span class='ocr_line' id='line_1_30' title="bbox 0 0 888 3000; baseline 0 1"><span class='ocrx_word' id='word_1_148' title='bbox 0 0 888 3000; x_wconf 95' lang='lat' dir='ltr'> </span> 
     </span>
    </p>
   </div>
  </div>
 </body>
</html>
