1767 3000
187 211 189 216 ’
224 207 606 267 Aitn'ntttrittrnfxti.
663 191 723 290 1'83

119 305 241 365 'ambitio
264 304 311 364 est.
348 324 414 382 ergo
434 320 576 384 permotus
597 306 630 363 iis
647 311 724 367 Nero

127 394 272 472 componit
284 389 318 450 ad
330 390 454 451 Plautum
467 391 584 464 litteras,
598 395 607 424 ‘
625 392 724 453 consu·

125 479 216 539 ‘ieret
231 480 316 557 quieti
335 481 421 546 urbis,
442 477 524 557 seque
541 497 626 558 prave
641 478 723 540 diffa-

114 565 137 600 '‘
151 569 290 624 mantibus
303 562 597 632 subtraheret3eiieilli
607 581 654 644 per
664 565 723 627 Afi-

129 652 196 709 ‘am
211 653 301 708 avitos
312 669 404 724 agros,
421 652 558 725 inquibus
572 668 629 710 tnta
639 668 666 710 et
679 656 724 713 in·

125 735 263 794 ‘turbida
276 735 394 812 juventa
412 735 571 794 frueretur!
603 740 642 794 ita
659 739 724 801 illuc

126 841 189 883 euru
203 824 323 899 conjuge
336 821 451 881 Antistia
463 839 491 881 et
504 824 596 902 paucis
610 822 725 885 familia·

126 911 197 969 rium
210 908 346 969 concessit.
374 908 467 969 iisdem
480 910 575 969 diebus
588 912 673 969 nimia
681 912 724 970 tu·

35 1017 38 1022 ·
125 1017 179 1058 xus
193 997 295 1075 cupido
311 994 452 1055 infamiam
469 1012 496 1056 et
507 997 656 1076 perieulum
667 1004 724 1057 Ne·

125 1085 285 1150 toni‘tulit,
300 1091 365 1158 quta
378 1083 484 1141 fontem
502 1104 589 1161 aquae
601 1087 722 1145 Marcia'e

73 1179 77 1184 ’
125 1168 722 1230 adurbemdeduttaeneudoincefferatevi·

126 1253 722 1332 denumquepotussaerosetcaerimoniam

126 1340 181 1400 loci
198 1362 315 1419 corpore
334 1358 397 1401 toto
412 1341 551 1422 polluiffe3
575 1341 722 1420 secutaque

125 1449 227 1509 anceps
236 1429 379 1503 valetudo,
391 1433 458 1489 iram
470 1429 551 1489 detitn
563 1430 719 1490 affirmavit.

45 1514 49 1521 ’
83 1537 121 1598 23
136 1519 298 1576 neomuto
311 1517 368 1597 post
377 1516 466 1578 deleta
479 1526 626 1589 Artaxata,
637 1534 720 1577 uten-

124 1605 189 1662 dum
204 1606 306 1662 recenti
317 1620 422 1663 terrore
434 1621 510 1662 ratus
519 1604 552 1662 ad
561 1604 721 1683 occupanda

125 1692 345 1763 Tigranocert23
370 1693 471 1766 quibus
490 1689 596 1759 excide,
616 1705 720 1753 metum

125 1773 722 1853 hostiumintenderet‚velstpepereiffet,cie.

123 1863 244 1922 mentiae
254 1860 352 1918 famam
366 1860 571 1937 adipisceretur:
587 1861 722 1939 illucper·

123 1949 176 2027 git,
193 1969 251 2006 non
269 1946 377 2005 infenso
393 1949 528 2018 exercitu,
544 1968 580 2005 ne
592 1944 722 2027 spemve·

123 2037 187 2094 niae
196 2035 325 2093 anferrett
336 2054 425 2113 neque
433 2051 524 2095 tamen
534 2031 637 2093 remiffa
646 2055 723 2111 cura,

122 2142 227 2201 guarus
241 2121 345 2181 facilem
363 2138 469 2180 mutatu
482 2137 604 2199 gentem,
622 2139 652 2180 nt
663 2120 721 2201 firg-

122 2229 185 2268 nem
194 2209 228 2269 ad
241 2209 371 2288 pericula,
383 2211 420 2267 ita
429 2209 540 2268 infidam
553 2208 586 2268 ad
598 2209 721 2270 occatio·

121 2317 184 2356 nes.
215 2298 321 2356 barbari
339 2317 389 2376 pro
405 2300 520 2372 ingenio
532 2294 657 2374 quisque,
672 2297 719 2356 atii

110 2390 215 2463 ‘preces
223 2380 332 2449 offerre,
343 2385 454 2461 quidam
462 2383 581 2442 deserere
591 2387 680 2455 vicos,
689 2397 719 2441 et

108 2469 151 2529 'in
161 2472 219 2527 avia
230 2470 346 2546 digredi,
355 2490 386 2529 ac
396 2468 470 2528 fuere
479 2473 526 2549 qui
535 2467 562 2527 se
572 2467 718 2545 speluncis,

109 2553 382 2617 'etearititmasecum
394 2558 535 2617 abderent.
558 2557 643 2634 igitur
659 2554 719 2617 dux
