1767 3000
207 138 272 220 316
319 158 727 205 c.coarreerrracrrr

201 241 213 272 ‘
226 245 267 316 ri,
296 257 325 302 et
340 244 455 303 ambitio
471 242 660 303 conciliandae
680 243 809 324 provin·

203 328 215 360 ‘
227 331 284 387 ciac
292 328 326 388 ad
337 327 397 409 spes
408 333 521 389 nor-aa!
543 325 808 410 tempus'damnati·

203 418 250 474 oni
258 413 402 492 odedum,
414 435 472 496 quo
481 415 622 475 Tiridates
636 417 805 498 accipiendo

203 504 352 561 Armeniae
362 521 449 581 regno
456 501 627 563 adventabat
637 523 644 562 ε
662 519 693 562 ur
704 504 740 564 ad
752 525 803 563 ex·

202 604 284 648 terna
295 590 452 649 rumoribus
470 586 628 649 intestinum
643 586 732 650 scelus
750 591 802 650 ob·

204 673 410 751 scurarerur,an
418 689 449 734 ut
457 674 674 753 magnitudinem
683 677 802 756 impera·

204 764 307 822 coriam
325 761 405 823 oaede
419 759 567 841 insignium
582 763 708 823 virorum
724 759 804 842 quali

203 851 282 927 regio
292 847 413 910 facinore
423 846 583 908 ostentaret.
616 850 706 926 Igitur
718 849 797 909 omni
805 875 834 934 24

204 936 316 996 civitate
323 933 556 1012 adexeipiendum
565 936 717 1014 principem
726 934 802 1015 spec·

203 1021 375 1102 tardumque
393 1041 485 1099 regem
499 1018 599 1096 effusa,
615 1019 741 1082 Thrasea
754 1041 804 1081 oc·

205 1107 284 1170 carso
295 1109 452 1188 prohibitus
467 1128 526 1176 noir
538 1106 642 1168 demifit
654 1111 778 1168 animum
791 1129 802 1167 a

206 1194 251 1257 sed
263 1193 405 1260 codicillos
422 1196 458 1256 ad
474 1201 618 1254 Neronem
633 1192 803 1274 composuit,

206 1281 751 1361 requirena‘objessa‚ercxpurgarurom
760 1277 803 1340 as·

206 1369 217 1400 ‘
230 1366 368 1441 severana,
383 1366 538 1427 sinotitiam
549 1368 697 1427 criminum
712 1382 741 1426 et
752 1386 803 1426 co·

204 1452 302 1535 ‘piam
313 1452 436 1516 diluendi
450 1451 602 1515 habuisset!
623 1473 671 1513 eoa
684 1452 802 1515 codicil-

204 1540 249 1604 loa
258 1546 333 1602 Nero
345 1557 527 1620 properanter
536 1543 651 1621 accepit,
657 1540 702 1621 spe
709 1556 802 1599 cxrer·

206 1630 291 1690 ritum
304 1626 454 1688 Thraseam
465 1625 602 1708 scripsisse,
614 1649 660 1706 per
669 1629 804 1707 quaecla·

206 1714 807 1795 citudinemprincipiaexrollerrt5suamque

206 1800 306 1863 samam
319 1799 520 1861 dehonestaret.
550 1799 625 1880 quod
639 1802 685 1860 ubi
696 1821 757 1859 non
772 1822 803 1860 e·

206 1891 295 1963 venit,
307 1888 471 1965 vultumque
481 1902 508 1945 et
521 1884 630 1965 spiritus
646 1903 675 1945 et
690 1888 803 1945 liberta·

207 1992 263 2036 rem
272 1974 391 2034 insontia
399 1972 473 2032 ultro
481 1972 638 2046 extimuir,‘
648 1974 745 2031 vocari
752 1992 804 2052 pa·

207 2056 218 2090 ‘
234 2063 300 2121 trea’
309 2061 398 2137 jubet.
422 2076 480 2118 rum
493 2055 614 2117 Thrasea
625 2060 803 2137 interproxi·

206 2145 456 2220 morconsultavir,
472 2146 481 2178 ‘
495 2159 649 2203 tentarerne
662 2144 804 2204 defensio·

207 2236 307 2305 ‘nem,
323 2254 359 2292 an
375 2231 536 2312 sperneret.'
578 2228 694 2291 Diversa
710 2231 836 2309 confi-25

206 2321 243 2380 lia
254 2319 446 2391 efferebamur.
469 2319 570 2398 quibua
585 2319 680 2377 intrari
695 2319 806 2379 curiam

207 2407 341 2486 placebat,
356 2406 365 2436 ‘
386 2403 496 2465 securos
507 2401 559 2463 else
569 2401 760 2463 deconsiantia
770 2426 807 2464 e·

205 2492 287 2572 ‘jus’
304 2492 437 2561 dixerunt
443 2514 454 2566 ς
476 2489 486 2523 ‘
503 2489 571 2550 nihil
587 2487 736 2569 diciumm,
752 2491 810 2555 nisa
