1767 3000
202 143 270 212 116
319 155 724 205 ε.·σοικειιιτΑσιτι

201 259 404 307 tormentorum
412 245 491 302 vittis
502 233 674 321 quibusdam,
685 258 717 301 ut
732 239 804 302 falsa

202 344 368 402 annuerent,
379 329 471 409 plures
482 327 621 408 perstitere
633 326 805 389 sandtitatem

201 417 427 478 dominaetueri.
451 435 488 474 ex
503 414 806 494 quibutunainsianti
848 437 849 466 l

201 502 383 581 Tigellino,‘
401 500 516 562 castiora
526 499 578 560 esse
590 501 730 560 muliebria
745 510 807 563 Oc
848 499 849 608 l

143 585 147 593 ’
202 589 322 648 ‘taviae'
333 586 504 664 respondit,‘
513 589 712 667 quamosejus
716 591 806 647 ’·mo

203 690 384 737 veturtamen
398 677 488 754 ptimo
497 675 586 734 civilis
599 673 703 735 discidii
717 665 817 754 specie

204 762 375 841 domumque
383 762 471 834 Burri,
483 774 511 820 et
522 760 630 839 praedia
645 762 767 833 Plauti,
760 782 807 820 m·

204 848 289 911 nasta
296 848 369 905 dona
377 848 494 922 accipit
505 865 573 903 mox
581 867 610 904 m
621 849 806 927 Campaniam

203 931 333 1016 pmlsaesb
347 929 707 992 additamilitaricusiodia.
743 933 805 993 inde

204 1019 293 1078 crebri
302 1009 422 1094 epletus,
435 1036 487 1074 nec
497 1014 599 1076 occulti
616 1035 663 1095 per
674 1019 806 1097 vulgum,

202 1106 249 1165 cui
261 1103 355 1163 minor
370 1099 514 1204 sapientia,
529 1116 604 1161 etex
614 1103 806 1165 mediocritate

204 1190 344 1264 fortunae,
362 1190 494 1269 pauciora
510 1190 629 1269 pericula
644 1188 718 1251 sunt.
750 1195 807 1267 his,

206 1271 815 1380 haudquaquamNetppoenitentiaflagitii,

205 1365 354 1439 conjugem
370 1364 513 1422 revocavit
524 1366 676 1423 Odiaviam.
724 1365 800 1423 Exin
811 1366 840 1425 61

205 1448 270 1510 laeti
278 1448 446 1528 Capitolium
455 1446 602 1527 scandunt,
610 1448 727 1528 deosque
741 1465 808 1511 tan-

206 1534 268 1595 dem
277 1550 456 1594 venerantur.
470 1535 575 1613 effigies
590 1546 724 1615 Poppaeae
734 1557 810 1614 pro·

206 1636 302 1681 munt.
317 1625 448 1681 odeviae
456 1624 592 1700 imagines
600 1623 699 1699 gestant
705 1623 811 1683 hume·

178 1716 179 1723 ’
207 1710 259 1783 ria,
278 1707 409 1787 spargunt
422 1708 547 1791 floribus,
559 1708 677 1787 foroque
688 1730 721 1768 ac
736 1724 810 1768 tem·

210 1794 265 1875 plis
282 1793 416 1854 statuunt.
453 1797 511 1854 itur
528 1796 607 1854 etiam
625 1798 654 1853 in
671 1797 809 1876 principis

207 1880 319 1952 laudesg
329 1883 474 1958 repetitum
482 1884 682 1941 venerantium.
693 1882 812 1959 jamque

162 2020 169 2035 s
210 1982 239 2026 et
254 1966 385 2046 palatium
403 1966 580 2026 multitudine
591 1983 619 2026 et
638 1966 810 2026 clamoribus

207 2052 397 2130 complebant,
416 2070 480 2112 cum
496 2053 577 2137 emissi
593 2053 712 2113 militum
727 2053 813 2128 globi

208 2139 368 2197 verberibus
379 2153 408 2196 et
416 2141 528 2199 intento
537 2138 743 2199 ferreturbatos
751 2136 815 2196 dis·

205 2222 314 2301 jeceret
326 2237 486 2302 mutataque
498 2242 567 2304 quae
580 2244 629 2303 per
647 2223 819 2285 seditionem

210 2322 360 2381 verterant,
374 2324 403 2367 et
411 2315 555 2391 Poppaeae
569 2314 665 2371 honos
676 2308 821 2391 repositus

209 2392 257 2453 est.
284 2413 355 2473 quae
370 2392 475 2474 semper
481 2397 562 2469 odio,
577 2411 638 2456 tum
653 2413 683 2457 et
694 2411 775 2457 metu
787 2419 823 2458 a·

139 2498 143 2503 ·
208 2493 287 2558 trox,
300 2499 337 2543 ne
346 2495 395 2542 aut
406 2480 483 2565 vulgi
494 2486 589 2546 aerior
602 2484 646 2545 via
658 2485 824 2564 ingrudret,
