1767 3000
164 164 207 247 58
263 179 668 226 menarum-raeiri

165 264 252 328 multa
260 265 294 325 de
305 266 467 325 claritudine
478 265 539 342 ejus
552 264 624 342 apud
641 261 770 323 senatum

164 352 315 434 praefatus,
328 354 338 385 ‘
355 352 450 412 sorore
462 358 497 410 L.
510 349 618 410 Volufii
627 352 773 428 genitam,

165 437 177 473 ⁴
192 440 325 516 majorem
337 442 362 498 ei
371 454 498 519 patruum
510 442 624 497 Cottam
637 435 770 496 Meffalli-
826 511 828 513 ‚

166 523 259 585 ‘num
275 523 337 600 effe,
356 526 491 586 Memmio
503 525 647 603 quondam
660 524 770 601 Regulo

172 610 309 692 ‘nuptam
328 612 408 684 (nam
424 611 458 670 de
472 616 506 669 C.
523 609 645 669 Caesaris
662 612 770 688 nuptiis

166 694 319 760 ‘consulto
330 700 477 773 reticebat>
491 696 598 757 addidit
614 695 772 775 perniciosa

168 784 180 821 ‘
192 788 223 845 in
236 786 431 865 rempublicam
447 781 571 857 confiiia,
589 797 617 842 et
629 783 772 842 materiem
809 852 814 853 γ

81 901 94 915 x
169 870 287 932 ‘sceleri
297 871 503 931 detrahendam.
528 871 610 949 proin
620 868 771 948 publicatis

169 955 516 1030 ‘bonis,cederet1talia.'
538 959 577 1015 ita
585 956 771 1034 quinquagies

170 1040 318 1102 sestertium
331 1063 367 1102 ex
376 1043 476 1122 opibus
484 1041 623 1102 immeufia
632 1039 718 1101 exsuli
728 1062 772 1100 te·

169 1128 275 1189 lidum.
287 1145 316 1188 et
324 1129 474 1210 Calpurnia
481 1128 592 1188 illustris
600 1128 701 1188 femina
710 1147 773 1205 perf

170 1217 302 1290 vertitur,
322 1218 387 1296 quia
398 1215 517 1277 formam
533 1216 593 1293 ejus
611 1214 774 1274 laudaverat

170 1306 312 1383 princeps,
321 1303 395 1362 nulia
403 1303 528 1378 libidine,
541 1301 585 1361 sed
593 1301 710 1362 fortuito
720 1298 774 1359 ser·

170 1409 275 1460 moue;
288 1389 362 1447 unde
382 1390 427 1447 vis
441 1390 609 1468 Agrippinae
623 1389 693 1448 citra
707 1387 773 1446 ulti·

171 1496 216 1537 ma
228 1475 309 1535 stetit.
336 1477 365 1533 in
374 1473 495 1535 Lolliam
504 1476 625 1535 mittitur
634 1475 773 1550 tribunus,

170 1581 253 1640 aquo
262 1562 295 1620 ad
306 1577 424 1621 mortem
434 1561 601 1639 adigeretur.
624 1561 771 1621 damnatur

170 1647 268 1724 etiege
277 1647 491 1727 repetundarum
501 1648 604 1708 Cadius
614 1648 716 1723 Rufus,
726 1669 772 1707 ac·
866 1657 867 1660 ’

171 1732 332 1794 cusantibua
345 1736 487 1815 Bithynis.
537 1735 644 1796 Galliae
659 1736 817 1814 Narbo-23

172 1818 250 1883 nenfi
262 1823 299 1881 ob
308 1821 455 1901 ‘egregiam
467 1822 497 1881 in
510 1837 603 1901 patrea
624 1824 776 1882 reverenti·

172 1909 332 1984 amdatum,
345 1909 355 1941 ‘
367 1907 576 1970 utsenatotibua
585 1910 646 1986 ejus
659 1910 776 1989 provin·

171 1996 182 2028 ⁴
196 1997 264 2071 ciac,
278 2016 337 2056 nou
346 1994 481 2074 exquisita
490 1996 622 2075 principis
632 1995 776 2072 sententia,

171 2079 255 2155 ‘jure
266 2100 324 2159 quo
336 2081 425 2141 Sicilia
434 2084 593 2158 haberetur,
603 2103 647 2141 res
659 2081 721 2141 suas
730 2084 776 2141 in·
866 2095 867 2110 *

171 2166 182 2200 ⁴
198 2163 283 2223 visere
294 2165 416 2227 liceret.'
448 2170 607 2249 Ituraeique
623 2184 651 2229 et
666 2168 776 2246 judaei,

172 2250 305 2312 defundis
318 2255 427 2331 regibus
439 2257 561 2317 Sohemo
573 2270 657 2336 atque
669 2259 776 2334 Agrip·

171 2359 217 2418 pa,
225 2341 385 2419 provinciae
393 2341 592 2421 Syriaeadditi.
616 2341 711 2402 salutis
726 2363 775 2400 au·

172 2429 281 2503 gurium
292 2429 417 2509 quinque
428 2444 457 2489 et
475 2431 576 2507 viginti
596 2430 678 2488 annis
691 2426 775 2487 omis·

171 2512 231 2573 sum
244 2517 341 2596 repeti,
356 2537 389 2580 ac
403 2514 505 2579 deiude
516 2516 676 2580 continuari
686 2514 775 2596 placi·
