1767 3000
178 178 246 260 ‘184
297 195 328 240 e.
345 192 542 238 eonrrurr
560 192 701 251 rnerrr

175 284 320 338 Romanus
331 273 442 336 diverfia
454 276 573 347 artibus,
587 273 775 338 misericordia
865 341 866 348 χ

82 407 88 426 .
176 363 304 425 adversus
318 362 465 442 supplices,
485 363 623 422 celeritate
641 361 774 423 adversus

172 450 437 531 profugor‚immitia
447 451 480 508 iis
490 449 659 527 quilatebras
668 448 774 507 insede-

160 553 250 611 sant,
262 559 312 597 ora
327 552 356 595 et
376 538 469 595 exitur
487 535 615 616 specuum
627 532 773 593 sarmentis

174 624 355 702 virgultisque
363 623 529 702 completos,
538 623 596 699 igni
606 620 703 680 exurit.
725 616 780 678 at?
865 645 866 652 ¹

175 730 230 790 que
245 712 324 770 illum
339 709 405 769 fines
417 708 480 768 suos
496 705 775 788 praetergredientem

175 797 350 858 incursavere
363 797 464 865 Mardi,
477 795 633 852 latrociniis
644 794 777 867 exerciti,

174 900 324 959 contraque
338 883 537 953 inrumpentem
555 879 702 935 montibus
723 878 778 938 de·

172 966 257 1034 senli3
283 984 354 1040 quos
372 962 495 1019 Corbulo
510 959 629 1019 immillo
651 965 779 1023 Hiberis
865 967 866 974 ’

173 1048 299 1121 vastavit,
310 1047 488 1125 hostilemque
500 1048 640 1106 audaciam
648 1062 780 1110 externo

172 1134 304 1213 sanguine
317 1134 390 1192 ultus
399 1133 446 1192 est.
491 1132 551 1212 lpse
562 1131 823 1224 exercitusque,24

162 1238 207 1281 vut
219 1222 303 1281 nullis
311 1243 347 1279 ex
356 1221 462 1300 proelio
474 1220 591 1295 damnis,
599 1222 637 1279 ita
646 1241 695 1299 per
707 1224 777 1281 ino·

176 1312 251 1389 piam
258 1327 284 1368 et
293 1310 400 1366 labores
409 1304 582 1381 fatiscebant,
598 1327 776 1386 carnepecu·

175 1396 241 1455 dum
251 1394 407 1473 propulsare
420 1394 517 1451 famem
534 1393 631 1453 adalli.
656 1395 776 1456 adhaec

175 1478 775 1562 penuriaaquae,fervidaaestas,longinqua

117 1636 119 1643 p
175 1571 284 1642 itinera,
302 1565 357 1625 sola
372 1565 449 1626 ducis
462 1569 596 1649 patientia
607 1569 776 1645 mitigaban-

175 1669 233 1730 tur,
249 1654 344 1714 eodem
357 1653 435 1733 plura
448 1673 530 1731 quam
548 1657 674 1731 gregario
686 1654 776 1712 milite

176 1742 323 1801 tolerante.
348 1755 462 1799 ventum
470 1739 570 1799 dehinc
582 1742 610 1798 in
622 1740 700 1799 locos
714 1739 775 1799 cul·

177 1842 223 1887 tos
234 1854 241 1888 z
252 1825 434 1905 demeffaeque
449 1826 562 1903 segetes,
579 1844 652 1884 etex
664 1827 775 1886 duobus

177 1915 302 1989 castellis,
317 1917 346 1973 in
360 1933 430 1993 quae
446 1912 629 1990 confugerant
646 1914 773 1988 lrmenii,
864 1901 866 1910 ⁴

171 2000 291 2058 alterum
312 2004 412 2079 impetu
434 2018 564 2077 captum;
588 2002 636 2077 qui
657 2002 775 2077 primam

175 2087 231 2142 vim
239 2083 407 2163 depulerant,
414 2084 705 2161 obfidionecoguntur.
716 2105 771 2143 un·

176 2168 209 2229 de
218 2171 246 2226 in
255 2173 394 2246 regionem
405 2175 616 2230 Tauraunitium
627 2167 774 2247 transgres-

177 2255 231 2328 sus,
242 2256 419 2333 improvisum
429 2259 577 2334 periculum
589 2260 698 2315 vitavit.
709 2277 777 2317 nam

177 2341 248 2400 haud
262 2342 357 2420 procul
368 2346 493 2400 tentorio
505 2345 577 2416 ejus,
592 2364 650 2401 non
662 2345 778 2419 ignobi·

176 2426 349 2486 lisbarbarus
365 2448 426 2486 cum
439 2429 494 2486 telo
516 2445 650 2509 repertus,
670 2431 679 2459 ‘
696 2429 780 2487 ordi·

176 2510 189 2545 ‘
199 2532 263 2573 nem
278 2511 445 2592 insidiarum,
457 2514 537 2596 seque
545 2521 682 2579 auctorem
690 2529 718 2575 et
731 2510 780 2581 sq.

589 2720 611 2758 Χ
