1767 3000
187 167 578 218 auunuruunraattv.
630 167 696 235 219
759 148 764 154 ’

62 249 373 346 63exlillurn‘toleravit,
382 265 409 311 et
418 251 478 312 fato
486 252 566 312 obiit.
592 257 698 311 Attae.-

26 355 28 364 ‘
105 360 138 401 ro
150 340 159 372 ‘
171 337 334 420 praefedum
343 341 372 398 in
382 337 454 419 spem
464 336 605 399 sociandae
613 339 698 400 classis

106 426 117 459 ‘
127 441 285 506 corruptum
292 427 312 501 ,²
328 440 356 485 et
374 425 514 487 incusatae
532 426 614 506 paulo
633 439 700 487 ante

105 512 116 545 ‘
127 512 274 574 sterilitatis
282 512 398 588 oblitus,
406 516 518 572 abatloe
527 528 621 590 partus
630 533 699 572 con·

103 598 239 661 ‘scientia
250 598 407 681 libidinum,
419 620 506 677 eaque
521 598 567 657 sibi
575 617 701 677 compen·

104 685 117 720 ‘
128 688 177 760 ta,’
185 684 276 743 editio
284 683 427 743 memorat.
443 683 582 762 insulaque
593 685 701 745 Panda·

106 772 176 831 teria
188 771 329 829 Octaviam
341 770 454 833 claudit.
486 790 545 829 non
558 770 608 828 alia
623 770 701 830 exsul

106 855 253 918 visentium
274 856 372 917 oculos
391 857 497 936 majore
517 856 703 918 misericordia

104 941 207 1005 affecit.
236 946 419 1005 meminerant
434 945 524 1004 adhuc
537 944 649 1023 quidam
662 951 703 1003 A·

105 1032 260 1111 grippinae,
281 1053 298 1091 a
312 1035 442 1105 Tiberio,
458 1033 596 1092 recentior
614 1031 705 1109 Julian

105 1119 240 1178 memoria
252 1116 458 1190 obversabatur,
476 1118 625 1177 aclaudio
642 1118 705 1198 pul·

107 1202 161 1263 sae.
185 1199 625 1264 sedillisroburaetatisaffuetac.
647 1204 705 1264 lao-

107 1304 138 1349 ta
148 1289 240 1367 aliqua
251 1290 390 1363 uldetan't,
402 1305 430 1348 et
438 1288 606 1370 praesentem
619 1288 706 1351 saevi·

108 1377 175 1437 tiam
185 1376 308 1437 melioris
319 1376 387 1437 olim
396 1376 524 1436 fortunae
536 1377 705 1439 recordatio·

109 1462 319 1525 neellevabant.
343 1464 408 1525 huic
424 1466 528 1545 primus
545 1466 705 1545 nuptiarum

106 1550 167 1613 dies
179 1552 244 1611 loco
260 1552 366 1612 funeris
381 1552 446 1625 suit,
460 1553 590 1613 deduslae
605 1555 634 1611 in
650 1552 704 1612 do·

107 1657 196 1710 mum,
208 1638 238 1695 in
250 1658 305 1716 qua
319 1639 389 1697 nihil
400 1637 608 1698 nisrludiuosum
621 1640 706 1698 habe·

110 1738 163 1795 ret,
171 1737 267 1801 erepto
275 1743 323 1801 per
335 1742 474 1781 venenum
483 1739 569 1801 patre,
581 1739 608 1781 et
617 1722 705 1783 statim

107 1806 205 1868 fratre.
229 1824 288 1867 tum
300 1808 398 1867 ancilla
406 1808 519 1867 domina
528 1807 655 1868 validior.
678 1825 707 1869 et

108 1899 238 1974 Poppaea
259 1914 319 1953 non
332 1892 382 1952 nili
394 1895 423 1952 in
444 1896 592 1972 perniciem
608 1897 707 1954 uxorin

108 1995 207 2060 nupta.
240 1978 378 2060 postremo
397 1981 502 2039 crimen
523 1983 601 2041 omni
619 1982 707 2042 exitio

65 2068 235 2146 64gravius.
259 2074 301 2125 Ac
313 2065 402 2146 puella
410 2065 539 2128 vicefimo
553 2071 648 2127 aetatis
657 2089 708 2128 an·

107 2173 162 2227 no,
173 2154 248 2211 inter
256 2155 434 2213 centuriones
442 2170 471 2213 et
482 2155 595 2230 milites,
603 2154 708 2237 praesa·

106 2242 156 2318 gio
176 2238 310 2299 malorum
324 2240 385 2318 jam
401 2243 461 2302 vita
473 2257 611 2323 exempta,
631 2262 708 2302 non·

106 2326 174 2387 dum
184 2340 278 2386 tamen
291 2344 381 2386 morte
392 2328 591 2407 acquiescebat,
615 2329 709 2406 paucio

107 2411 485 2495 dehincinrerjettisdtebus,
502 2416 708 2495 morijubeture

377 2506 404 2560 K
431 2521 448 2563 2
