1767 3000
165 175 167 182 '
201 182 267 248 320
297 182 706 228 e.conururrrncrrr

197 268 284 327 ‘bem
303 280 400 341 terrae,
422 286 458 323 rm
477 265 608 323 victorias
621 262 676 323 fine
690 263 803 326 damno

199 353 391 412 ‘exercituum
409 350 574 430 displicere?
599 371 636 409 ne
654 355 801 412 hominem

192 439 211 474 ¹
221 441 306 502 bonis
321 437 438 521 publicis
454 437 598 511 moestum,
616 441 709 517 etqui
726 439 799 513 fora,

197 523 210 560 ‘
224 529 340 600 theatra,
348 525 451 606 templa
459 544 512 605 pro
521 523 666 583 solitudine
672 527 799 598 haberer,

199 610 273 692 ‘qui
283 614 458 673 minitaretur
468 610 590 670 exfilium
607 609 695 686 suum,
712 616 799 672 ambi-

200 699 212 732 ‘
225 700 310 759 tionis
319 717 419 781 preme
427 712 585 778 compotem
593 697 728 758 facerent
738 720 802 759 non

199 785 212 818 ‘
226 785 269 845 illi
277 787 401 846 consulta
411 789 489 860 haec,
495 805 553 844 non
563 783 748 862 magistratus,
754 800 799 843 aut

197 871 210 905 ‘
223 878 378 933 Romanam
389 874 484 931 urbem
495 870 594 932 videri.
622 873 799 952 abrumperet

198 953 309 1018 ‘vitam
326 962 360 1018 ab
376 980 408 1018 ee
425 960 550 1031 civitate,
564 958 645 1035 cujus
658 961 798 1017 caritatem

198 1045 211 1078 ⁴
223 1045 300 1117 olim,
313 1060 426 1105 nuncet
435 1043 570 1124 aspectum
581 1043 709 1103 exuisset.
723 1052 793 1104 Cum
802 1059 826 1117 29

167 1167 172 1185 ι
201 1151 250 1212 per
262 1136 420 1212 haeretque
432 1133 497 1190 talia
518 1131 677 1205 Marcellus,
696 1146 728 1189 ut
742 1148 799 1190 erat

201 1234 301 1277 torvus
310 1235 337 1277 et
348 1222 456 1290 minax,
465 1238 545 1291 voce,
553 1218 642 1291 vultu,
655 1219 746 1278 oculis
758 1240 798 1279 ar·

200 1303 337 1377 deferrem
352 1327 411 1366 non
421 1306 467 1365 ilia
478 1320 547 1363 nota
555 1320 583 1361 et
594 1307 742 1363 crebritate
753 1326 799 1384 pe·

149 1381 157 1389 ’
200 1391 349 1449 riculurum
370 1390 441 1451 sueta
454 1394 512 1469 jam
533 1389 641 1450 senatus
654 1392 799 1466 moestitia,

200 1473 243 1534 sed
254 1497 344 1537 novus
353 1494 380 1536 et
392 1479 476 1538 altior
487 1498 587 1557 pavor,
601 1498 699 1537 manus
709 1481 798 1539 etrele

200 1558 797 1644 militumcernentibus3fimuiipsiusThra-

199 1649 258 1709 scae
266 1654 430 1711 venerabilis
441 1652 542 1731 species
550 1651 760 1712 obversabaturr
773 1670 797 1712 et

199 1754 280 1797 erant
296 1740 368 1817 qui‘
385 1739 675 1816 Helvidiumquoque'
691 1738 796 1798 misera·

199 1838 306 1897 rentur,
321 1826 330 1855 ‘
341 1816 476 1885 innoxiae
485 1825 628 1884 affinitatis
639 1845 744 1904 poenas
752 1828 795 1885 da·

199 1909 209 1941 ⁴
223 1926 326 1970 turum.
343 1913 410 1990 quid
423 1913 578 1991 Agrippino
587 1912 738 1988 objectum,
751 1910 796 1971 nisi

198 1995 209 2026 ‘
223 1996 325 2055 tristem
336 2000 420 2075 patris
431 1998 590 2066 fortunam
606 1998 756 2076 quandoet
765 2000 796 2057 il·

198 2083 247 2140 ‘le
265 2084 379 2161 perinde
402 2087 541 2143 innocens
558 2085 664 2143 Tiberii
685 2082 796 2144 saevitia

198 2168 208 2200 ‘
221 2168 390 2230 concidisset.
400 2173 544 2230 enimvero
551 2178 719 2230 Montanum
730 2192 794 2248 pro·

197 2255 269 2314 ‘bae
279 2257 421 2332 juventae,
439 2277 531 2336 neque
548 2256 642 2317 famosi
653 2258 795 2332 carminis,

196 2342 206 2373 ⁴
220 2343 283 2418 quia
296 2343 442 2419 protulerit
453 2346 605 2420 ingenium,
615 2357 755 2404 extorrem
768 2365 795 2401 a·

189 2425 205 2459 ⁴
216 2429 267 2501 gi.’
312 2435 407 2507 Atque
418 2432 533 2488 interim
541 2428 665 2487 Ostorius
675 2431 791 2487 Sabinus
801 2450 835 2509 30

31 2492 33 2547 ἰ
126 2530 131 2535 ·
186 2513 290 2577 Sorani
302 2514 617 2594 accusat-oringreditur,
626 2515 794 2596 orditurque
