1767 3000
202 122 266 184 218
306 139 545 182 deorumn
564 139 708 183 rnerrr

201 218 414 292 commodatus,
434 222 532 279 terruit
547 218 624 280 fimul
639 219 802 284 audientem

201 324 227 368 et
240 305 376 372 accendit.
398 304 443 374 sed
457 328 553 385 parum
565 308 672 366 valebat
683 305 804 387 suspicio

201 397 232 454 in
244 393 333 467 servo,
347 408 375 452 et
387 393 591 471 quaestionibus
603 389 764 454 anc'illarum
773 418 805 455 e·

202 480 585 558 luseranergoconfeffionem
594 481 805 559 alicujusquae·

202 571 227 630 ri
246 568 345 647 placet,
362 569 406 628 cui
424 589 514 627 rerum
536 588 648 646 quoque
663 587 805 630 novarum

203 658 307 717 crimen
325 654 511 731 effingeretur.
545 670 573 713 et
589 652 662 713 visua
682 654 806 716 idoneus

204 760 344 804 maternae
353 746 428 802 necis
436 756 560 822 patrator
572 743 719 814 Anicetus,
733 740 806 802 elaffi

205 829 278 910 apud
290 827 437 901 Misenum,
455 842 486 885 ut
504 830 669 901 memoravi,
683 828 806 905 praefec-

205 937 263 990 tus,
273 916 327 974 levi
334 913 394 992 post
403 911 544 971 admissum
555 911 639 971 scelus
647 917 752 991 gratia,
761 916 805 976 de·

204 1005 233 1061 in
241 1001 369 1077 graviore
379 998 446 1058 odio
456 1020 464 1057 ε
473 998 684 1078 quiamalorum
695 1000 806 1062 facino·

203 1108 265 1148 rum
275 1084 390 1147 ministri
402 1084 477 1165 quasr
492 1086 695 1166 exprobrantes
709 1087 807 1168 aspici·

204 1190 302 1234 untur.
334 1175 419 1250 igitur
435 1175 553 1234 accitum
563 1193 627 1232 eum
640 1173 740 1234 Caesar
752 1175 763 1207 ‘
775 1195 807 1235 o·

205 1262 216 1297 ‘
231 1282 309 1340 perae
321 1261 431 1340 prioris’
444 1259 572 1320 admouet
580 1283 590 1333 3
604 1261 613 1291 ‘
627 1258 715 1322 solum
726 1265 808 1323 inco·

207 1350 352 1408 ‘lumitati
368 1348 502 1425 principia
525 1345 653 1409 adversus
672 1348 808 1408 insidian-

207 1437 217 1468 ‘
232 1451 287 1495 rem
303 1450 418 1494 matrem
435 1431 602 1494 subveniffe:
624 1433 714 1493 locum
729 1434 811 1495 haud

207 1524 218 1556 ‘
230 1523 349 1581 minoris
358 1524 460 1596 gratiae
468 1519 747 1595 instare,s1coujugem
758 1523 810 1579 in·

208 1609 218 1642 ‘
230 1607 332 1668 sensam
344 1607 509 1688 depellerem
526 1628 578 1666 nec
589 1626 669 1668 manu
685 1619 734 1662 aut
746 1608 811 1667 reio

207 1696 218 1731 ‘
233 1717 316 1777 opus.
333 1746 336 1755 Δ
351 1695 481 1754 fateretur
491 1697 618 1754 Odaviae
631 1691 809 1753 adulterium.

156 1774 163 1795 ⁸
211 1782 343 1844 ‘occulta
352 1781 462 1861 quidem
474 1779 509 1839 ad
518 1779 655 1860 praesens,
672 1777 718 1839 sed
731 1800 811 1858 mag·

209 1870 220 1903 ‘
232 1893 268 1930 na
276 1873 300 1931 ei
309 1871 436 1951 praemia,
446 1883 474 1927 et
482 1866 592 1927 seceffus
600 1887 737 1927 amoenos
744 1887 813 1945 pro·

210 1957 221 1990 ‘
233 1960 337 2029 minim
350 1956 392 2016 vel
402 1954 590 2033 finegaviffet,
600 1956 705 2015 necem’
716 1955 814 2013 inten-

211 2057 262 2102 tat.
284 2043 331 2101 ille
343 2041 421 2102 infita
428 2041 568 2113 vecordia,
576 2055 603 2099 et
612 2040 745 2101 facilitate
754 2042 815 2119 pri·

210 2123 817 2208 orumflagitiorum,pluraetiamquamjus·

211 2211 821 2293 sumerat‚·fingit,fateturqueapudamicos,

210 2319 283 2378 quos
293 2301 369 2360 velut
377 2301 490 2360 confilio
500 2301 658 2361 adhibuerat
668 2301 821 2379 princeps.

209 2388 464 2449 tuminSardiniam
473 2387 594 2468 pellitur,
603 2389 719 2447 ubiuou
728 2386 823 2469 inope
