1767 3000
179 169 227 237 ,62
297 188 703 237 ncornauurneirr

182 275 300 336 eiscendi
313 275 404 336 casum
415 294 525 356 pugnae
536 275 710 353 praeberent.
744 274 791 336 illi

183 378 259 424 metu
272 383 308 423 ne
317 366 383 424 hinc
396 370 552 436 Romanus,
565 359 631 421 inde
642 360 790 439 Cherusci,

183 470 245 511 eum
254 453 319 528 quis
327 465 470 510 aeternum
482 447 652 523 discordant,
664 449 788 511 circnm-

182 535 374 615 mederentur,
384 536 491 614 legator
500 538 531 595 in
539 536 634 595 urbem
642 534 789 598 etobfides

184 621 291 696 nistre,
311 622 488 702 decretusque
506 623 665 701 Pomponio
684 625 787 685 trium·

185 710 276 792 pheiia
284 712 389 787 honor,
398 711 507 771 modica
518 729 582 789 pare
591 707 745 787 famaeejua
754 731 785 770 n·

182 795 241 878 pud
252 797 385 876 posterna,
401 800 508 878 inquis
523 797 677 856 carminum
694 797 785 873 gloria

182 885 333 963 praecellit.
379 885 513 944 peridem
526 898 634 963 tempus
648 886 828 965 Vanniusa9

180 973 276 1030 suevis
288 991 305 1030 a
318 969 409 1030 Druso
422 968 542 1030 Caesare
556 967 709 1047 impofitna,
723 971 783 1050 pel·

181 1053 250 1115 lirur
261 1076 349 1133 regno
356 1079 365 1130 ;
379 1058 582 1138 primaimperii
589 1072 678 1116 aetate
689 1057 781 1117 clarus

181 1142 363 1223 acceptusque
374 1144 574 1223 popularibue;
592 1162 661 1202 mox
672 1143 783 1204 diutur-

181 1230 271 1289 nitate
279 1232 309 1289 in
319 1230 471 1310 superbiam
482 1246 605 1302 mutans,
618 1245 646 1288 er
656 1230 725 1290 odio
733 1251 782 1291 ac·

181 1316 317 1390 colatum,
330 1317 406 1377 fimul
415 1315 718 1378 domesticisdiscordiis
726 1321 782 1378 eir·

181 1418 358 1461 cumventun.
395 1408 520 1464 nudiores
548 1403 626 1464 fuere
649 1404 780 1478 Jubilliua

181 1488 441 1549 Hermundurorum
455 1511 516 1564 rex,
529 1509 557 1552 et
569 1491 682 1567 Vangio
698 1513 730 1550 ac
738 1493 779 1551 Si·

63 1629 66 1638 ,
179 1572 219 1634 do
228 1569 322 1633 sorore
331 1578 437 1634 Vannii
450 1580 549 1654 geniti.
573 1599 625 1637 nec
634 1578 780 1656 Claudius,

180 1677 349 1738 quamquam
368 1660 446 1742 saepe
459 1680 566 1739 oratus,
582 1685 659 1723 arma
670 1679 779 1725 certnn·

181 1747 255 1806 tibus
263 1749 385 1808 barbaris
394 1749 587 1829 interposuit,‘
600 1766 689 1811 tntum
698 1758 779 1811 Van·

183 1832 254 1893 ‘nio
273 1835 427 1916 perfugium
446 1841 611 1917 promittens
628 1835 647 1896 fi
665 1837 780 1917 pellere·

180 1920 272 1994 ‘run’
287 1922 445 2003 scripsitque
453 1932 482 1984 P.
500 1924 604 1985 Arellio
614 1923 720 2000 Histro,
728 1928 780 2004 qui

178 2012 350 2068 Pannoniam
360 2009 561 2088 praefidebar‚‘
577 2012 717 2087 legionem
734 2013 778 2091 ip·

179 2091 190 2122 ‘
201 2090 283 2169 saque
296 2115 312 2151 e
323 2097 468 2173 provincia
476 2095 665 2174 lenaauxilia,
677 2118 730 2178 pro
739 2101 778 2157 ri·

177 2173 188 2206 ‘
203 2195 237 2255 pa
246 2197 436 2258 compnnerer,
452 2181 567 2243 subsidio
579 2185 709 2259 viriis‚et
721 2200 777 2244 rer·

177 2260 188 2294 ‘
202 2265 258 2322 rori
267 2263 394 2325 adversus
407 2270 537 2343 viriores,
550 2268 707 2331 nefortuna
720 2270 778 2331 ela·

177 2347 187 2381 ‘
200 2350 234 2423 ti,
246 2349 364 2411 nostram
373 2373 487 2433 qunque
496 2375 589 2434 pacem
598 2361 745 2419 turbarent
754 2361 777 2430 3'

176 2456 242 2495 nam
259 2439 302 2497 vis
316 2440 459 2500 innumera
470 2443 555 2518 Ligii,
570 2440 694 2522 aliaeque
707 2466 777 2521 gen·

176 2536 219 2578 rea
231 2521 425 2600 adventabant,
438 2526 508 2586 sama
517 2527 583 2586 diris
593 2532 683 2605 regni,
695 2531 776 2609 quod

175 2610 307 2677 Vannius
324 2629 395 2674 xxx.
411 2632 459 2692 per
471 2632 561 2675 annor
579 2615 772 2694 praedationi·
