1767 3000
188 173 252 255 318
303 164 696 237 meduanum-acm

186 272 199 306 ⁴
209 273 299 351 gloria
309 290 414 356 peteret
430 273 539 335 finem.'
568 274 659 335 aderat
668 272 795 337 confilio
847 267 848 318 i

189 357 315 421 Rusticus
336 362 474 421 Arulenus
486 361 606 440 flagrans
622 363 750 438 juvenis,
761 378 795 422 et

187 446 319 527 cupidine
326 446 416 506 laudis
425 443 560 507 offerebat
570 449 580 480 ‘
590 445 615 507 se
627 448 791 508 intercessu·

155 573 162 586 ·
188 529 267 593 ‘rum
276 530 610 594 senatusconsultoe’nam
619 534 691 614 plebi
701 535 791 594 tribu·

190 638 246 679 nus
261 636 330 680 erat.
360 622 485 681 cohibuit
497 618 604 700 spiritus
616 622 677 697 ejus
692 622 791 680 Thra·

191 702 246 782 sea,
262 706 397 766 ‘nevana
408 722 435 765 et
448 726 494 765 reo
504 726 561 765 non
573 707 731 786 profatum,
745 708 789 765 in·

193 791 354 853 ‘terceffori
365 791 483 852 exitiosa
497 795 641 872 inciperet.
673 791 721 852 fibi
744 812 789 852 ac·

195 877 273 938 ‘tam
290 895 416 952 aetatem,
429 894 458 937 et
476 894 519 938 tot
528 899 577 961 per
592 899 683 938 annos
695 880 789 937 conti·

194 963 205 995 ‘
218 986 302 1025 nuum
310 968 384 1026 vitae
391 965 518 1025 ordinem
531 985 590 1025 non
600 962 787 1025 deserendum:

194 1049 257 1111 ‘illi
275 1054 385 1111 initium
401 1049 618 1128 magistratuum,
637 1067 665 1111 et
681 1054 788 1128 integra

196 1136 434 1219 ‘quaesuperfinn
447 1136 730 1197 multumantefeeum
739 1157 788 1195 ex·

196 1225 208 1257 ‘
220 1225 360 1304 penderet,
376 1223 452 1304 quod
460 1225 509 1283 tali
517 1226 545 1284 in
559 1240 688 1305 tempore
696 1220 788 1302 capes·

196 1308 319 1370 ‘sendae
334 1310 498 1391 reipublicae
512 1311 567 1370 iter
580 1309 790 1388 ingrederetur!

195 1411 315 1457 ceterum
325 1396 379 1475 ipse
388 1418 424 1456 an
432 1398 530 1457 venire
537 1399 567 1456 in
577 1397 698 1456 senatum
709 1395 788 1455 dece·

195 1498 248 1555 ret,
261 1482 436 1544 meditationi
445 1482 637 1564 suaereliquit.
681 1489 719 1540 At
728 1478 824 1561 pos-27

140 1574 143 1583 ’
195 1569 790 1650 teraluceduaepraetoriaecohortesarma·

195 1654 388 1737 tae,templum
397 1659 549 1716 Genetricis
557 1659 676 1716 Veneris
686 1654 790 1714 insede·

196 1764 236 1804 re.
268 1743 370 1803 aditum
387 1742 497 1802 senatus
512 1743 610 1820 globus
631 1757 791 1818 togatorum

196 1829 350 1903 obsederat,
363 1850 421 1889 non
433 1828 549 1890 occultis
560 1827 675 1906 gladiis3
688 1825 791 1905 disper·

196 1916 270 1996 iique
282 1937 330 1995 per
341 1914 402 1976 fora
413 1938 445 1975 ac
454 1914 574 1975 bafilicas
592 1915 674 1974 cunei
689 1914 792 1972 milita·

194 2014 254 2074 res}
270 2006 340 2061 inter
353 1998 638 2082 quorumaspefluset
649 2000 740 2060 minas
750 2001 794 2057 in·

195 2089 271 2168 greifi
279 2092 384 2149 curiam
397 2089 547 2147 senatores.
569 2102 597 2146 et
609 2088 702 2145 oratio
714 2087 794 2163 prin·

196 2177 266 2257 cipis
278 2196 325 2254 per
335 2174 504 2255 quaestorem
512 2171 673 2251 ejusaudita
681 2170 734 2242 est;
745 2186 795 2230 ne·

196 2266 271 2324 mine
283 2262 446 2320 nominatim
455 2259 633 2339 compellato,
645 2273 738 2336 patres
751 2274 795 2316 ar·

196 2351 308 2426 guebat‚
328 2347 427 2425 ‘quod
448 2346 557 2426 publica
572 2346 669 2403 munia
688 2340 797 2402 desere·

139 2428 145 2445 “
195 2435 207 2466 ‘
220 2448 292 2505 rent,
303 2452 455 2510 eorumque
466 2431 594 2511 exemplo
605 2433 713 2510 equites
733 2429 795 2486 Ro·

194 2515 294 2579 ‘mani
303 2515 486 2596 adseguitiam
495 2531 681 2581 verterentur.
691 2516 798 2577 etenim
