1767 3000
677 155 755 231 ”A

162 410 666 492 ANNALIUM

130 579 628 651 'mewwmmr

134 808 138 813 .
195 712 647 814 nnnvraarun

123 912 239 968 claudius
251 913 279 966 de
288 915 448 967 matrimonio
458 913 587 966 deliberat:
602 926 627 965 et
634 910 726 983 Agrqa

159 996 218 1061 pina
232 991 286 1043 aliia
296 993 441 1061 praefertur,
454 994 598 1045 Germanici
605 991 690 1042 fratris
700 1009 728 1041 e·

160 1068 267 1138 inrfilia.
293 1088 334 1123 eae
345 1073 446 1138 nuptiae
458 1073 555 1122 decreto
575 1069 728 1121 Senatusfir·

162 1157 241 1198 natae
251 1166 259 1209 ς
270 1160 295 1196 et
312 1146 445 1215 legittimae
457 1150 564 1200 habitae.
585 1151 617 1197 L.
631 1148 726 1196 Silanus

165 1234 272 1275 mortem
284 1222 657 1290 fibiconsciscit,clandiigener.
675 1225 728 1273 An·

165 1299 727 1351 naeussenecaabexfilioredit.ottaviaclau·

165 1377 200 1428 elil
218 1374 267 1426 filia
278 1378 371 1427 Neroni
387 1379 511 1445 desponsa.
539 1378 623 1427 Parthi
643 1393 727 1443 regern

163 1457 244 1509 Roma
263 1466 351 1520 petunt
371 1457 556 1510 Meherdaten:
575 1455 617 1523 qui
631 1452 727 1520 proelio

165 1529 301 1599 congrellnr
313 1551 327 1581 a
337 1536 444 1586 Gotane
452 1536 571 1587 vincitur.
592 1532 728 1583 Mithrida-

165 1619 204 1661 tes
215 1610 288 1660 Ponti
302 1628 405 1677 regnum
421 1613 555 1679 reciperare
570 1609 728 1661 renditirrito

165 1698 266 1747 conatn;
286 1689 365 1737 villus
380 1692 485 1739 Romana
506 1689 603 1738 tandem
617 1685 728 1751 perduci·

65 1813 69 1821 ,
167 1775 219 1814 tur.
245 1760 328 1813 Lollia
344 1764 452 1815 inlustria
469 1764 563 1815 femina
580 1763 728 1828 Agrippinae

169 1839 260 1890 artibus
267 1838 390 1889 damnata.
398 1841 515 1891 Claudina
525 1839 678 1889 Pontoerinnr
686 1854 727 1887 nr-

169 1916 207 1965 bia
216 1913 324 1981 profert:
344 1926 369 1964 et
381 1917 421 1982 qui
431 1928 489 1966 ante
498 1932 555 1968 enm
571 1912 727 1981 protnlerint.

172 1995 241 2042 Nero
251 1992 374 2042 Domitius
387 2010 401 2043 a
417 1993 520 2045 Claudio
530 1992 667 2059 adoptatur.
687 2009 728 2044 co·

170 2066 269 2119 loniain
279 2070 353 2120 Ubios
362 2070 472 2123 deducta.
493 2071 559 2124 Catti
568 2070 694 2124 latrocinia
701 2089 726 2122 a·

95 2148 102 2156 ‘
171 2147 277 2215 girantes
290 2148 432 2201 vincuntur.
461 2151 572 2202 Vannius
593 2153 728 2202 Snevornrn

172 2239 224 2283 rex,
231 2221 329 2290 pellitur
336 2241 420 2292 regno.
442 2229 472 2279 Ρ.
486 2229 575 2281 Ostorii
590 2228 619 2280 in
633 2230 729 2279 Britan·

170 2302 213 2353 nia
221 2317 266 2361 rer,
273 2313 299 2352 et
307 2301 337 2353 de
348 2306 476 2358 Carar‘raco
483 2323 539 2375 rege
546 2308 656 2358 villaria.
676 2309 729 2357 Bri-

173 2380 286 2430 tannicus
312 2380 459 2450 Agrippinae
483 2384 611 2435 fraudibus
634 2384 730 2442 Neroni

173 2456 336 2523 posthabetur,
346 2471 371 2509 et
381 2460 506 2512 fidelislimi
524 2461 644 2512 comitum
660 2458 730 2525 paul·

173 2532 243 2585 latim
251 2535 281 2586 ab
292 2550 496 2591 eoremorentur.
514 2536 624 2608 prodigia
631 2533 732 2605 aliquot,
