1767 3000
205 174 262 238 152
299 171 704 220 ocouuuurrracrrr

199 251 282 315 solvit
291 251 400 313 Caesar.
416 252 595 312 Camerinum
602 251 738 313 adversm
747 256 808 335 pri·

199 357 281 402 vator
296 355 325 400 et
337 358 451 419 paucos,
473 337 601 398 saevitiae
615 342 707 415 magis
719 361 810 418 quam

200 442 342 505 captarum
354 428 532 503 pecuniarum
540 424 810 502 criminaobjicien·

201 530 260 572 aea:
280 510 422 570 Silvanum
436 529 538 585 magua
553 509 806 572 vis'accusatorum

201 595 424 670 circumsteterat,
437 594 623 674 poscebatque
635 597 644 625 ‘
655 612 763 674 tempus
771 617 808 656 e·

202 684 213 716 ⁴
226 682 416 743 vocandorum
426 680 610 754 testium,reus
618 681 693 740 illico
703 681 805 741 defen·

204 770 214 803 ⁴
227 769 265 830 di’
274 767 435 849 postulabat.
446 766 590 845 valuitque
599 766 749 844 pecuniosa
755 788 807 827 or·

204 858 288 916 birate
299 871 326 914 er
343 852 458 925 scaeua,
471 872 554 932 quam
565 853 636 912 ultra
646 871 745 911 eorum
758 856 806 913 vi·

204 958 261 1002 ram
273 938 417 1017 produxit,
425 959 547 1018 quorum
554 937 651 997 ambitu
659 937 803 1001 evaserat.

204 1027 321 1102 Quietae
336 1022 372 1083 ad
383 1024 412 1083 id
423 1040 533 1104 rempur
547 1043 588 1083 ree
598 1023 627 1080 in
638 1026 798 1084 Germania
809 1040 843 1100 53

204 1111 324 1187 fuerant,
338 1112 453 1187 ingenio
463 1110 577 1184 ducum,
593 1110 641 1188 qui
652 1109 808 1188 pervulga·

205 1200 243 1259 tia
254 1200 386 1278 triumphi
396 1195 559 1274 insignibun,
570 1197 659 1272 majus
666 1215 703 1254 ex
710 1215 750 1256 eo
755 1196 807 1257 de·

206 1306 256 1347 cus
273 1283 393 1364 sperant,
413 1281 432 1342 sr
449 1303 544 1363 pacem
554 1280 802 1343 continuavillenr.

207 1370 349 1432 Paullinua
359 1370 542 1449 Pompejuret
553 1374 806 1443 L.Vetus‚eatem·

205 1454 307 1536 pellere
323 1458 458 1515 exercitui
473 1470 627 1537 praeeram.
659 1469 803 1518 netarum

95 1578 105 1591 ι
123 1534 126 1541 ’
205 1540 314 1619 segnem
329 1541 446 1602 militem
454 1545 616 1617 attinerent,
629 1541 677 1603 ille
687 1542 806 1604 inchoa·

205 1643 266 1687 mm
274 1641 340 1689 ante
351 1642 407 1688 tras
419 1643 447 1691 et
454 1626 597 1705 sexaginta
603 1648 696 1689 aanor
704 1649 720 1687 a
728 1637 805 1690 Dro-

206 1711 237 1773 so
249 1734 373 1794 aggerem
381 1713 537 1776 co'e'rcendo
549 1717 659 1791 Rheno,
667 1704 804 1775 absolvis:

207 1807 298 1879 Vetus
308 1798 449 1862 Mosellam
460 1817 544 1880 atque
551 1803 674 1876 Ararim,
684 1799 755 1861 hela
761 1803 809 1861 in·

208 1903 251 1948 rer
263 1903 409 1968 utrumque
419 1885 487 1947 solla
503 1891 669 1948 conuellere
680 1888 809 1967 parabat,

207 1988 240 2032 ut
260 1975 356 2054 copiae
374 1992 423 2052 per
441 1992 526 2049 mare,
539 1971 603 2032 dein
625 1971 764 2033 Rhodano
778 1989 808 2033 et

206 2065 295 2116 Arare
305 2058 459 2133 subveniam
475 2078 523 2137 per
539 2078 598 2117 eam
615 2057 724 2132 fossam,
737 2074 809 2119 mox

206 2142 293 2203 fluvio
306 2143 421 2203 Mosella
435 2147 466 2203 iu
483 2147 622 2216 Rhenum,
636 2146 703 2203 exin
718 2152 808 2203 Ocea·

206 2246 275 2289 num
286 2227 478 2290 decurrerent:
498 2228 660 2308 sublatisque
673 2232 809 2291 itinerum

207 2312 422 2388 difficultatibus,
435 2314 598 2392 navigabilia
610 2316 683 2374 inter
695 2314 720 2372 se
730 2320 812 2375 occl-

207 2401 301 2461 dentia
326 2398 573 2479 septentrionisque
592 2400 674 2463 litora
693 2399 808 2464 fierent.
856 2420 857 2475 l

207 2486 310 2548 invidit
319 2487 396 2566 operi
404 2485 500 2552 Aelius
509 2487 625 2549 Gracilis
631 2486 757 2566 Belgicae
764 2487 811 2551 le·
