1767 3000
152 143 220 209 'raa
254 151 655 204 nenauaatrraerra

125 265 132 272 ·
146 256 259 320 atquae
268 239 396 320 princepe
408 234 505 296 furtim
516 231 692 293 mulierculae
699 231 754 292 tri·

148 328 260 400 buchar,
280 324 325 385 iile
336 323 426 403 palam
442 321 597 397 largiretur.
632 331 693 378 rum
710 323 754 375 A·

148 413 278 492 grippina
289 409 372 471 versia
380 410 496 478 artibus,
506 427 553 485 per
560 402 752 466 blandimenta

145 499 279 579 juvenem
292 496 415 574 aggredi,
429 495 437 525 ‘
449 491 526 552 suum
534 491 752 572 potiuncubicu·

149 587 161 622 ⁴
172 584 229 645 lum
242 606 274 645 ae
283 582 370 643 finum
382 580 482 642 offerre
490 576 668 655 contegendis
678 593 749 655 quae

150 669 262 752 ‘priina
280 684 368 742 aetat,
382 685 410 728 et
422 667 525 727 summa
535 665 651 725 fortuna
664 682 749 741 expe·

151 757 163 793 ‘
178 759 291 819 terent)
311 759 382 835 quin
391 771 419 814 et
431 754 568 832 fatebatur
581 745 749 829 ‘intempes-

152 843 262 906 ‘tivam
281 840 477 912 severiurem‚’
496 854 524 897 et
537 836 643 897 suarum
659 854 749 914 opum

151 951 223 1011 quae
235 926 307 988 haud
318 926 418 1005 procui
427 925 609 1004 imperatorin
621 924 747 995 aberant,
876 931 877 936 ’

150 1017 248 1095 copiae
258 1013 396 1084 tradebam
421 1027 453 1072 ut
469 1013 553 1071 nimia
563 1027 647 1089 nuper
661 1007 747 1066 eo'e'r·
793 1003 795 1007 ⁴

151 1101 242 1163 tendo
260 1099 331 1172 filio,
359 1100 398 1158 ita
412 1097 517 1159 rursum
535 1101 748 1173 intemperanter

65 1255 69 1258 ,
151 1186 271 1248 demiffa.
296 1206 367 1266 quae
379 1188 594 1263 mutationeque
606 1187 753 1241 Neronem

150 1273 257 1347 fefellit,
282 1289 310 1332 et
325 1274 447 1352 proximi
470 1271 623 1329 amicorum
644 1280 749 1326 metue·

151 1363 228 1431 baut,
244 1362 417 1434 orabantque
428 1349 749 1414 ‘cavereiniidiaamuli-

151 1445 163 1479 ‘
174 1448 228 1503 eris
237 1441 464 1518 semperatrocis‚
475 1453 532 1495 tum
542 1454 569 1495 et
578 1436 752 1496 falsae.'for·

149 1545 177 1590 te
194 1529 251 1588 illia
268 1526 364 1585 diebus
385 1524 484 1583 Caesar
499 1521 621 1600 inspeeio
634 1540 752 1597 ornatu,

149 1637 208 1695 quo
220 1614 375 1694 principum
385 1611 518 1688 conjuges
530 1630 561 1667 ac
572 1626 701 1688 parentes
710 1609 749 1668 ef·

149 1697 751 1777 fflmmwmmwmww

150 1787 238 1870 fitque
249 1788 356 1849 donum
369 1789 466 1846 matria
483 1782 558 1842 nulla
572 1781 751 1861 parsimonia,

149 1899 213 1937 eum
222 1877 367 1958 praecipua
379 1889 408 1933 et
422 1875 515 1952 cupita
527 1872 601 1946 aliis,
611 1872 687 1948 prior
701 1868 750 1928 de·

150 1963 244 2024 ferret.
269 1961 312 2021 sed
327 1960 502 2040 Agrippina‘
522 1979 580 2016 non
595 1958 639 2014 his
654 1953 751 2014 instrui

149 2046 162 2105 ‘.
173 2046 348 2114 cultuum,
366 2046 409 2106 sed
420 2047 518 2105 ceteris
531 2045 625 2103 arceri'
641 2042 749 2121 procla·

150 2147 220 2202 mat,
235 2147 263 2190 et
273 2131 396 2190 dividere
409 2131 508 2201 filium,
520 2151 590 2209 quae
606 2134 703 2187 cunila
713 2146 750 2187 ex

149 2219 161 2277 ‘.
173 2215 230 2297 ipsa
244 2219 375 2274 haberet.'
396 2237 448 2275 nec
457 2218 567 2275 defuere
576 2217 622 2294 qui
632 2217 659 2272 in
673 2215 749 2273 dere·

149 2306 209 2367 eiua
226 2301 367 2361 referrent.
436 2308 473 2361 Et
487 2309 564 2361 Nero
581 2300 701 2359 infensus
713 2303 795 2373 iis¹4

149 2392 251 2470 quibua
273 2387 397 2466 superbia
413 2388 552 2447 muliebris
569 2390 751 2462 innitebatur,

149 2476 281 2545 deuoret
293 2474 442 2569 Pallantem
457 2494 522 2535 cura
542 2493 632 2535 rerum
649 2475 710 2554 quia
731 2492 751 2537 a
